timestamp,marketId,selectionId,side,price,size,level
1770136545361,1.253528103,8835056,BACK,50.00,0.95,0
1770136545361,1.253528103,8835056,BACK,46.00,7.27,1
1770136545361,1.253528103,8835056,BACK,36.00,8.22,2
1770136545361,1.253528103,8835056,BACK,34.00,7.00,3
1770136545361,1.253528103,8835056,BACK,30.00,2.00,4
1770136545361,1.253528103,8835056,BACK,32.00,10.00,5
1770136545361,1.253528103,8835056,BACK,26.00,4.00,6
1770136545361,1.253528103,8835056,BACK,29.00,2.00,7
1770136545361,1.253528103,8835056,BACK,28.00,3.00,8
1770136545361,1.253528103,8835056,BACK,27.00,3.00,9
1770136545361,1.253528103,8835056,BACK,1.01,3808.56,10
1770136545361,1.253528103,8835056,BACK,5.00,431.07,11
1770136545361,1.253528103,8835056,BACK,1.02,172.64,12
1770136545361,1.253528103,8835056,LAY,75.00,3.88,0
1770136545361,1.253528103,8835056,LAY,380.00,2.59,1
1770136545361,1.253528103,8835056,LAY,280.00,2.59,2
1770136545361,1.253528103,8835056,LAY,350.00,2.59,3
1770136545361,1.253528103,8835056,LAY,330.00,2.59,4
1770136545361,1.253528103,8835056,LAY,150.00,2.59,5
1770136545376,1.253528103,10702893,BACK,1.15,879.58,0
1770136545376,1.253528103,10702893,BACK,1.14,441.60,1
1770136545376,1.253528103,10702893,BACK,1.16,362.04,2
1770136545376,1.253528103,10702893,BACK,1.11,8.84,3
1770136545376,1.253528103,10702893,BACK,1.17,47.00,4
1770136545376,1.253528103,10702893,BACK,1.18,1.00,5
1770136545376,1.253528103,10702893,BACK,1.10,1.27,6
1770136545376,1.253528103,10702893,BACK,1.02,269.20,7
1770136545376,1.253528103,10702893,BACK,1.01,379.25,8
1770136545376,1.253528103,10702893,BACK,1.04,187.53,9
1770136545376,1.253528103,10702893,BACK,1.05,15.00,10
1770136545376,1.253528103,10702893,BACK,1.06,15.00,11
1770136545376,1.253528103,10702893,BACK,1.03,172.57,12
1770136545376,1.253528103,10702893,LAY,1.21,351.59,0
1770136545376,1.253528103,10702893,LAY,1.19,734.88,1
1770136545376,1.253528103,10702893,LAY,1.20,572.51,2
1770136545376,1.253528103,10702893,LAY,1.22,18.25,3
1770136545376,1.253528103,10702893,LAY,1.27,4.00,4
1770136545376,1.253528103,10702893,LAY,1.23,35.04,5
1770136545376,1.253528103,10702893,LAY,1.24,4.00,6
1770136545376,1.253528103,10702893,LAY,1.26,4.00,7
1770136545376,1.253528103,10702893,LAY,1.25,34.49,8
1770136545376,1.253528103,10702893,LAY,1.28,4.00,9
1770136545376,1.253528103,10702893,LAY,280.00,2.59,10
1770136545376,1.253528103,10702893,LAY,380.00,2.59,11
1770136545376,1.253528103,10702893,LAY,350.00,2.59,12
1770136545376,1.253528103,10702893,LAY,330.00,2.59,13
1770136545376,1.253528103,10702893,LAY,150.00,2.59,14
1770136545376,1.253528103,10702893,LAY,180.00,1.72,15
1770136545382,1.253528103,58805,BACK,7.20,62.70,0
1770136545382,1.253528103,58805,BACK,6.20,7.78,1
1770136545382,1.253528103,58805,BACK,6.80,71.03,2
1770136545382,1.253528103,58805,BACK,7.00,74.71,3
1770136545382,1.253528103,58805,BACK,6.40,4.00,4
1770136545382,1.253528103,58805,BACK,6.00,6.37,5
1770136545382,1.253528103,58805,BACK,6.60,57.14,6
1770136545382,1.253528103,58805,BACK,1.01,3646.84,7
1770136545382,1.253528103,58805,BACK,2.00,2.00,8
1770136545382,1.253528103,58805,LAY,8.60,41.83,0
1770136545382,1.253528103,58805,LAY,8.40,40.55,1
1770136545382,1.253528103,58805,LAY,8.80,22.35,2
1770136545382,1.253528103,58805,LAY,7.60,5.00,3
1770136545382,1.253528103,58805,LAY,7.80,3.73,4
1770136545382,1.253528103,58805,LAY,9.40,9.00,5
1770136545382,1.253528103,58805,LAY,8.00,25.72,6
1770136545382,1.253528103,58805,LAY,9.00,10.00,7
1770136545382,1.253528103,58805,LAY,9.20,9.00,8
1770136545382,1.253528103,58805,LAY,360.00,1.75,9
1770136545382,1.253528103,58805,LAY,340.00,1.12,10
1770136545382,1.253528103,58805,LAY,250.00,5.17,11
1770136545382,1.253528103,58805,LAY,200.00,5.17,12
1770136545382,1.253528103,58805,LAY,150.00,5.17,13
1770136545382,1.253528103,58805,LAY,100.00,5.17,14
1770136545382,1.253528103,58805,LAY,380.00,0.33,15
1770136545382,1.253528103,58805,LAY,680.00,0.24,16
1770136545382,1.253528103,58805,LAY,390.00,0.44,17
1770136545382,1.253528103,58805,LAY,690.00,0.22,18
1770136545386,1.253527560,40816280,BACK,3.05,0.50,0
1770136545386,1.253527560,40816280,BACK,3.00,111.64,1
1770136545386,1.253527560,40816280,BACK,3.35,41.16,2
1770136545386,1.253527560,40816280,BACK,3.20,38.80,3
1770136545386,1.253527560,40816280,BACK,3.45,21.24,4
1770136545386,1.253527560,40816280,BACK,3.30,79.14,5
1770136545386,1.253527560,40816280,BACK,3.40,5.95,6
1770136545386,1.253527560,40816280,BACK,3.25,37.93,7
1770136545386,1.253527560,40816280,BACK,2.70,1.00,8
1770136545386,1.253527560,40816280,BACK,2.62,4.92,9
1770136545386,1.253527560,40816280,BACK,2.60,8.00,10
1770136545386,1.253527560,40816280,BACK,2.58,38.01,11
1770136545386,1.253527560,40816280,BACK,1.01,340.85,12
1770136545386,1.253527560,40816280,LAY,4.20,271.03,0
1770136545386,1.253527560,40816280,LAY,4.10,79.59,1
1770136545386,1.253527560,40816280,LAY,3.95,28.45,2
1770136545386,1.253527560,40816280,LAY,3.85,30.18,3
1770136545386,1.253527560,40816280,LAY,4.30,45.00,4
1770136545386,1.253527560,40816280,LAY,4.40,39.00,5
1770136545386,1.253527560,40816280,LAY,290.00,0.96,6
1770136545386,1.253527560,40816280,LAY,280.00,1.05,7
1770136545386,1.253527560,40816280,LAY,180.00,1.72,8
1770136545386,1.253527560,40816280,LAY,680.00,0.24,9
1770136545386,1.253527560,40816280,LAY,380.00,0.33,10
1770136545386,1.253527560,40816280,LAY,390.00,0.44,11
1770136545386,1.253527560,40816280,LAY,690.00,0.22,12
1770136545389,1.253527560,20182453,BACK,6.60,12.51,0
1770136545389,1.253527560,20182453,BACK,5.80,11.46,1
1770136545389,1.253527560,20182453,BACK,6.40,189.16,2
1770136545389,1.253527560,20182453,BACK,6.20,72.28,3
1770136545389,1.253527560,20182453,BACK,1.01,340.85,4
1770136545389,1.253527560,20182453,LAY,7.80,14.43,0
1770136545389,1.253527560,20182453,LAY,8.20,119.34,1
1770136545389,1.253527560,20182453,LAY,8.40,0.88,2
1770136545389,1.253527560,20182453,LAY,8.00,84.55,3
1770136545389,1.253527560,20182453,LAY,9.40,9.00,4
1770136545389,1.253527560,20182453,LAY,10.50,13.00,5
1770136545389,1.253527560,20182453,LAY,9.80,7.00,6
1770136545389,1.253527560,20182453,LAY,10.00,15.00,7
1770136545389,1.253527560,20182453,LAY,9.60,6.00,8
1770136545389,1.253527560,20182453,LAY,11.50,5.17,9
1770136545389,1.253527560,20182453,LAY,290.00,0.96,10
1770136545389,1.253527560,20182453,LAY,8.60,9.01,11
1770136545389,1.253527560,20182453,LAY,280.00,1.05,12
1770136545391,1.253527560,58805,BACK,1.60,78.00,0
1770136545391,1.253527560,58805,BACK,1.64,172.43,1
1770136545391,1.253527560,58805,BACK,1.66,86.21,2
1770136545391,1.253527560,58805,BACK,1.65,172.43,3
1770136545391,1.253527560,58805,BACK,1.62,446.25,4
1770136545391,1.253527560,58805,BACK,1.59,80.00,5
1770136545391,1.253527560,58805,BACK,1.58,83.00,6
1770136545391,1.253527560,58805,BACK,1.68,3.74,7
1770136545391,1.253527560,58805,BACK,1.57,81.72,8
1770136545391,1.253527560,58805,BACK,1.01,3638.08,9
1770136545391,1.253527560,58805,LAY,1.74,76.05,0
1770136545391,1.253527560,58805,LAY,1.86,0.50,1
1770136545391,1.253527560,58805,LAY,1.99,20.00,2
1770136545391,1.253527560,58805,LAY,1.81,86.21,3
1770136545391,1.253527560,58805,LAY,1.84,86.21,4
1770136545391,1.253527560,58805,LAY,1.83,172.43,5
1770136545391,1.253527560,58805,LAY,1.82,172.43,6
1770136545391,1.253527560,58805,LAY,1.87,223.19,7
1770136545391,1.253527560,58805,LAY,2.00,93.00,8
1770136545391,1.253527560,58805,LAY,2.04,56.01,9
1770136545391,1.253527560,58805,LAY,85.00,1.72,10
1770136545391,1.253527560,58805,LAY,29.00,5.17,11
1770136545391,1.253527560,58805,LAY,48.00,3.45,12
1770136545391,1.253527560,58805,LAY,65.00,2.59,13
1770136545391,1.253527560,58805,LAY,2.20,12.93,14
1770136545391,1.253527560,58805,LAY,290.00,0.96,15
1770136545391,1.253527560,58805,LAY,280.00,1.05,16
1770136545391,1.253527560,58805,LAY,240.00,1.72,17
1770136545391,1.253527560,58805,LAY,380.00,0.33,18
1770136545391,1.253527560,58805,LAY,680.00,0.24,19
1770136545391,1.253527560,58805,LAY,390.00,0.44,20
1770136545391,1.253527560,58805,LAY,690.00,0.22,21
1770136545393,1.253535709,58805,BACK,3.65,11.27,0
1770136545393,1.253535709,58805,BACK,3.70,19.91,1
1770136545393,1.253535709,58805,BACK,3.75,2.00,2
1770136545393,1.253535709,58805,BACK,3.50,270.91,3
1770136545393,1.253535709,58805,BACK,3.55,64.00,4
1770136545393,1.253535709,58805,BACK,3.40,2.30,5
1770136545393,1.253535709,58805,BACK,3.45,2.00,6
1770136545393,1.253535709,58805,BACK,3.60,65.19,7
1770136545393,1.253535709,58805,BACK,3.35,84.87,8
1770136545393,1.253535709,58805,BACK,1.01,14.19,9
1770136545393,1.253535709,58805,BACK,1.60,135.00,10
1770136545393,1.253535709,58805,BACK,1.91,5.00,11
1770136545393,1.253535709,58805,LAY,3.85,53.00,0
1770136545393,1.253535709,58805,LAY,3.90,142.55,1
1770136545393,1.253535709,58805,LAY,3.95,50.00,2
1770136545393,1.253535709,58805,LAY,4.20,20.72,3
1770136545393,1.253535709,58805,LAY,4.40,21.21,4
1770136545393,1.253535709,58805,LAY,4.10,194.53,5
1770136545393,1.253535709,58805,LAY,4.30,22.52,6
1770136545393,1.253535709,58805,LAY,4.50,22.46,7
1770136545393,1.253535709,58805,LAY,4.00,117.42,8
1770136545393,1.253535709,58805,LAY,16.50,34.96,9
1770136545393,1.253535709,58805,LAY,340.00,1.12,10
1770136545393,1.253535709,58805,LAY,360.00,0.89,11
1770136545393,1.253535709,58805,LAY,110.00,2.59,12
1770136545393,1.253535709,58805,LAY,90.00,2.59,13
1770136545393,1.253535709,58805,LAY,240.00,1.72,14
1770136545393,1.253535709,58805,LAY,80.00,6.00,15
1770136545393,1.253535709,58805,LAY,500.00,0.41,16
1770136545393,1.253535709,58805,LAY,380.00,0.33,17
1770136545393,1.253535709,58805,LAY,680.00,0.24,18
1770136545393,1.253535709,58805,LAY,390.00,0.44,19
1770136545393,1.253535709,58805,LAY,690.00,0.22,20
1770136545393,1.253535709,58805,LAY,100.00,1.22,21
1770136545393,1.253535709,58805,LAY,250.00,0.41,22
1770136545393,1.253535709,58805,LAY,750.00,0.08,23
1770136545393,1.253535709,58805,LAY,150.00,0.33,24
1770136545393,1.253535709,58805,LAY,24.00,0.01,25
1770136545395,1.253535709,10458115,BACK,5.90,65.39,0
1770136545395,1.253535709,10458115,BACK,5.70,44.21,1
1770136545395,1.253535709,10458115,BACK,6.00,105.38,2
1770136545395,1.253535709,10458115,BACK,5.80,13.00,3
1770136545395,1.253535709,10458115,BACK,6.20,5.14,4
1770136545395,1.253535709,10458115,BACK,5.60,47.00,5
1770136545395,1.253535709,10458115,BACK,5.50,4.08,6
1770136545395,1.253535709,10458115,BACK,1.03,172.57,7
1770136545395,1.253535709,10458115,BACK,1.04,172.53,8
1770136545395,1.253535709,10458115,BACK,1.02,172.64,9
1770136545395,1.253535709,10458115,BACK,1.01,337.85,10
1770136545395,1.253535709,10458115,LAY,7.20,80.76,0
1770136545395,1.253535709,10458115,LAY,7.00,81.38,1
1770136545395,1.253535709,10458115,LAY,7.40,71.70,2
1770136545395,1.253535709,10458115,LAY,8.00,2.18,3
1770136545395,1.253535709,10458115,LAY,7.80,2.00,4
1770136545395,1.253535709,10458115,LAY,7.60,2.33,5
1770136545395,1.253535709,10458115,LAY,6.60,43.00,6
1770136545395,1.253535709,10458115,LAY,6.80,46.00,7
1770136545395,1.253535709,10458115,LAY,820.00,0.86,8
1770136545395,1.253535709,10458115,LAY,810.00,0.87,9
1770136545395,1.253535709,10458115,LAY,190.00,1.72,10
1770136545395,1.253535709,10458115,LAY,80.00,4.00,11
1770136545395,1.253535709,10458115,LAY,380.00,0.33,12
1770136545395,1.253535709,10458115,LAY,680.00,0.24,13
1770136545395,1.253535709,10458115,LAY,390.00,0.44,14
1770136545395,1.253535709,10458115,LAY,690.00,0.22,15
1770136545395,1.253535709,10458115,LAY,24.00,0.01,16
1770136545397,1.253535709,10542714,BACK,1.67,337.68,0
1770136545397,1.253535709,10542714,BACK,1.66,346.86,1
1770136545397,1.253535709,10542714,BACK,1.72,20.99,2
1770136545397,1.253535709,10542714,BACK,1.68,1.00,3
1770136545397,1.253535709,10542714,BACK,1.71,110.00,4
1770136545397,1.253535709,10542714,BACK,1.62,2.05,5
1770136545397,1.253535709,10542714,BACK,1.65,89.21,6
1770136545397,1.253535709,10542714,BACK,1.63,2.00,7
1770136545397,1.253535709,10542714,BACK,1.64,2.30,8
1770136545397,1.253535709,10542714,BACK,1.69,115.00,9
1770136545397,1.253535709,10542714,BACK,1.70,106.00,10
1770136545397,1.253535709,10542714,BACK,1.10,1.27,11
1770136545397,1.253535709,10542714,BACK,1.02,269.20,12
1770136545397,1.253535709,10542714,BACK,1.01,529.25,13
1770136545397,1.253535709,10542714,BACK,1.04,187.53,14
1770136545397,1.253535709,10542714,BACK,1.05,15.00,15
1770136545397,1.253535709,10542714,BACK,1.06,15.00,16
1770136545397,1.253535709,10542714,BACK,1.03,172.57,17
1770136545397,1.253535709,10542714,LAY,1.76,28.51,0
1770136545397,1.253535709,10542714,LAY,1.77,8.61,1
1770136545397,1.253535709,10542714,LAY,1.78,8.47,2
1770136545397,1.253535709,10542714,LAY,1.79,11.12,3
1770136545397,1.253535709,10542714,LAY,1.80,7.60,4
1770136545397,1.253535709,10542714,LAY,1.82,544.61,5
1770136545397,1.253535709,10542714,LAY,1.83,172.43,6
1770136545397,1.253535709,10542714,LAY,1.75,0.96,7
1770136545397,1.253535709,10542714,LAY,1.81,9.26,8
1770136545397,1.253535709,10542714,LAY,9.40,35.31,9
1770136545397,1.253535709,10542714,LAY,140.00,1.72,10
1770136545397,1.253535709,10542714,LAY,65.00,1.72,11
1770136545397,1.253535709,10542714,LAY,320.00,0.86,12
1770136545397,1.253535709,10542714,LAY,80.00,4.00,13
1770136545397,1.253535709,10542714,LAY,380.00,0.33,14
1770136545397,1.253535709,10542714,LAY,680.00,0.24,15
1770136545397,1.253535709,10542714,LAY,390.00,0.44,16
1770136545397,1.253535709,10542714,LAY,690.00,0.22,17
1770136545397,1.253535709,10542714,LAY,24.00,0.01,18
1770136545399,1.253450010,166903,BACK,1.47,457.00,0
1770136545399,1.253450010,166903,BACK,1.44,2.00,1
1770136545399,1.253450010,166903,BACK,1.45,437.61,2
1770136545399,1.253450010,166903,BACK,1.49,179.21,3
1770136545399,1.253450010,166903,BACK,1.50,66.00,4
1770136545399,1.253450010,166903,BACK,1.48,75.00,5
1770136545399,1.253450010,166903,BACK,1.46,3.00,6
1770136545399,1.253450010,166903,BACK,1.43,3.00,7
1770136545399,1.253450010,166903,BACK,1.42,2.00,8
1770136545399,1.253450010,166903,BACK,1.39,4.00,9
1770136545399,1.253450010,166903,BACK,1.04,172.53,10
1770136545399,1.253450010,166903,BACK,1.03,172.57,11
1770136545399,1.253450010,166903,BACK,1.02,172.64,12
1770136545399,1.253450010,166903,BACK,1.01,337.85,13
1770136545399,1.253450010,166903,LAY,1.60,353.25,0
1770136545399,1.253450010,166903,LAY,1.59,179.77,1
1770136545399,1.253450010,166903,LAY,1.53,28.98,2
1770136545399,1.253450010,166903,LAY,1.57,56.00,3
1770136545399,1.253450010,166903,LAY,1.58,60.73,4
1770136545399,1.253450010,166903,LAY,1.61,9.45,5
1770136545399,1.253450010,166903,LAY,1.62,8.11,6
1770136545399,1.253450010,166903,LAY,1.56,59.00,7
1770136545399,1.253450010,166903,LAY,140.00,1.72,8
1770136545399,1.253450010,166903,LAY,65.00,1.72,9
1770136545399,1.253450010,166903,LAY,290.00,0.96,10
1770136545399,1.253450010,166903,LAY,280.00,1.05,11
1770136545399,1.253450010,166903,LAY,180.00,1.72,12
1770136545399,1.253450010,166903,LAY,80.00,4.00,13
1770136545399,1.253450010,166903,LAY,18.00,20.00,14
1770136545399,1.253450010,166903,LAY,9.00,15.00,15
1770136545399,1.253450010,166903,LAY,380.00,0.33,16
1770136545399,1.253450010,166903,LAY,680.00,0.24,17
1770136545399,1.253450010,166903,LAY,390.00,0.44,18
1770136545399,1.253450010,166903,LAY,690.00,0.22,19
1770136545401,1.253450010,58805,BACK,4.80,28.00,0
1770136545401,1.253450010,58805,BACK,4.60,159.67,1
1770136545401,1.253450010,58805,BACK,4.70,24.00,2
1770136545401,1.253450010,58805,BACK,3.90,2.40,3
1770136545401,1.253450010,58805,BACK,4.90,88.16,4
1770136545401,1.253450010,58805,BACK,3.95,2.00,5
1770136545401,1.253450010,58805,BACK,4.10,2.35,6
1770136545401,1.253450010,58805,BACK,4.00,2.29,7
1770136545401,1.253450010,58805,BACK,4.20,2.29,8
1770136545401,1.253450010,58805,BACK,1.01,94.37,9
1770136545401,1.253450010,58805,BACK,4.30,2.12,10
1770136545401,1.253450010,58805,BACK,2.10,105.00,11
1770136545401,1.253450010,58805,BACK,1.60,135.00,12
1770136545401,1.253450010,58805,BACK,1.91,5.00,13
1770136545401,1.253450010,58805,LAY,5.80,5.23,0
1770136545401,1.253450010,58805,LAY,5.70,17.07,1
1770136545401,1.253450010,58805,LAY,5.60,142.49,2
1770136545401,1.253450010,58805,LAY,5.10,15.00,3
1770136545401,1.253450010,58805,LAY,5.20,44.17,4
1770136545401,1.253450010,58805,LAY,5.40,76.28,5
1770136545401,1.253450010,58805,LAY,5.30,6.16,6
1770136545401,1.253450010,58805,LAY,5.90,2.00,7
1770136545401,1.253450010,58805,LAY,5.50,56.36,8
1770136545401,1.253450010,58805,LAY,6.20,2.48,9
1770136545401,1.253450010,58805,LAY,6.00,2.00,10
1770136545401,1.253450010,58805,LAY,290.00,0.96,11
1770136545401,1.253450010,58805,LAY,280.00,1.05,12
1770136545401,1.253450010,58805,LAY,360.00,0.86,13
1770136545401,1.253450010,58805,LAY,500.00,0.41,14
1770136545401,1.253450010,58805,LAY,380.00,0.33,15
1770136545401,1.253450010,58805,LAY,680.00,0.24,16
1770136545401,1.253450010,58805,LAY,690.00,0.22,17
1770136545401,1.253450010,58805,LAY,390.00,0.44,18
1770136545401,1.253450010,58805,LAY,250.00,0.41,19
1770136545401,1.253450010,58805,LAY,750.00,0.08,20
1770136545401,1.253450010,58805,LAY,95.00,0.51,21
1770136545401,1.253450010,58805,LAY,150.00,0.33,22
1770136545402,1.253450010,197965,BACK,6.40,17.63,0
1770136545402,1.253450010,197965,BACK,6.60,70.63,1
1770136545402,1.253450010,197965,BACK,6.00,40.52,2
1770136545402,1.253450010,197965,BACK,6.20,124.92,3
1770136545402,1.253450010,197965,BACK,7.00,6.30,4
1770136545402,1.253450010,197965,BACK,5.90,25.43,5
1770136545402,1.253450010,197965,BACK,5.80,24.99,6
1770136545402,1.253450010,197965,BACK,1.02,172.64,7
1770136545402,1.253450010,197965,BACK,1.04,172.53,8
1770136545402,1.253450010,197965,BACK,1.03,172.57,9
1770136545402,1.253450010,197965,BACK,1.01,337.85,10
1770136545402,1.253450010,197965,LAY,7.80,84.72,0
1770136545402,1.253450010,197965,LAY,8.00,5.00,1
1770136545402,1.253450010,197965,LAY,7.40,77.66,2
1770136545402,1.253450010,197965,LAY,8.20,2.00,3
1770136545402,1.253450010,197965,LAY,7.60,31.15,4
1770136545402,1.253450010,197965,LAY,7.20,14.00,5
1770136545402,1.253450010,197965,LAY,9.40,2.00,6
1770136545402,1.253450010,197965,LAY,9.00,2.00,7
1770136545402,1.253450010,197965,LAY,8.40,2.00,8
1770136545402,1.253450010,197965,LAY,8.60,6.00,9
1770136545402,1.253450010,197965,LAY,8.80,5.00,10
1770136545402,1.253450010,197965,LAY,140.00,1.72,11
1770136545402,1.253450010,197965,LAY,65.00,1.72,12
1770136545402,1.253450010,197965,LAY,9.60,2.39,13
1770136545402,1.253450010,197965,LAY,9.20,2.00,14
1770136545402,1.253450010,197965,LAY,290.00,0.96,15
1770136545402,1.253450010,197965,LAY,280.00,1.05,16
1770136545402,1.253450010,197965,LAY,340.00,0.86,17
1770136545402,1.253450010,197965,LAY,380.00,0.33,18
1770136545402,1.253450010,197965,LAY,680.00,0.24,19
1770136545402,1.253450010,197965,LAY,390.00,0.44,20
1770136545402,1.253450010,197965,LAY,690.00,0.22,21
1770136545403,1.253401815,58805,BACK,3.25,114.10,0
1770136545403,1.253401815,58805,BACK,3.20,30.00,1
1770136545403,1.253401815,58805,BACK,3.05,51.96,2
1770136545403,1.253401815,58805,BACK,3.15,32.00,3
1770136545403,1.253401815,58805,BACK,3.10,31.00,4
1770136545403,1.253401815,58805,BACK,1.01,153.82,5
1770136545403,1.253401815,58805,BACK,1.09,3.58,6
1770136545403,1.253401815,58805,BACK,2.40,12.50,7
1770136545403,1.253401815,58805,BACK,2.04,17.31,8
1770136545403,1.253401815,58805,BACK,2.52,7.01,9
1770136545403,1.253401815,58805,BACK,2.06,6.39,10
1770136545403,1.253401815,58805,BACK,2.72,11.03,11
1770136545403,1.253401815,58805,BACK,1.10,2.59,12
1770136545403,1.253401815,58805,BACK,1.03,2.00,13
1770136545403,1.253401815,58805,LAY,3.60,112.07,0
1770136545403,1.253401815,58805,LAY,3.40,19.00,1
1770136545403,1.253401815,58805,LAY,3.50,72.15,2
1770136545403,1.253401815,58805,LAY,3.55,21.00,3
1770136545403,1.253401815,58805,LAY,3.45,159.86,4
1770136545403,1.253401815,58805,LAY,980.00,2.53,5
1770136545403,1.253401815,58805,LAY,24.00,0.01,6
1770136545403,1.253401815,58805,LAY,5.80,2.05,7
1770136545403,1.253401815,58805,LAY,6.60,5.08,8
1770136545403,1.253401815,58805,LAY,4.40,4.04,9
1770136545403,1.253401815,58805,LAY,7.00,4.13,10
1770136545403,1.253401815,58805,LAY,500.00,0.86,11
1770136545403,1.253401815,58805,LAY,60.00,0.86,12
1770136545403,1.253401815,58805,LAY,950.00,2.20,13
1770136545404,1.253401815,4768314,BACK,1.82,37.00,0
1770136545404,1.253401815,4768314,BACK,1.88,4.83,1
1770136545404,1.253401815,4768314,BACK,1.84,154.72,2
1770136545404,1.253401815,4768314,BACK,1.83,124.81,3
1770136545404,1.253401815,4768314,BACK,1.87,33.00,4
1770136545404,1.253401815,4768314,BACK,1.86,29.73,5
1770136545404,1.253401815,4768314,BACK,1.85,33.00,6
1770136545404,1.253401815,4768314,BACK,1.04,172.53,7
1770136545404,1.253401815,4768314,BACK,1.02,172.64,8
1770136545404,1.253401815,4768314,BACK,1.03,382.70,9
1770136545404,1.253401815,4768314,BACK,1.01,337.85,10
1770136545404,1.253401815,4768314,BACK,1.09,3.58,11
1770136545404,1.253401815,4768314,BACK,1.33,16.54,12
1770136545404,1.253401815,4768314,BACK,1.28,23.44,13
1770136545404,1.253401815,4768314,BACK,1.42,21.13,14
1770136545404,1.253401815,4768314,BACK,1.37,48.65,15
1770136545404,1.253401815,4768314,LAY,1.96,28.00,0
1770136545404,1.253401815,4768314,LAY,1.97,113.09,1
1770136545404,1.253401815,4768314,LAY,1.92,48.00,2
1770136545404,1.253401815,4768314,LAY,2.00,21.55,3
1770136545404,1.253401815,4768314,LAY,1.93,131.29,4
1770136545404,1.253401815,4768314,LAY,1.94,31.00,5
1770136545404,1.253401815,4768314,LAY,1.98,25.00,6
1770136545404,1.253401815,4768314,LAY,1.95,28.00,7
1770136545404,1.253401815,4768314,LAY,980.00,2.11,8
1770136545404,1.253401815,4768314,LAY,24.00,0.01,9
1770136545404,1.253401815,4768314,LAY,2.90,2.05,10
1770136545404,1.253401815,4768314,LAY,4.60,5.08,11
1770136545404,1.253401815,4768314,LAY,2.58,4.04,12
1770136545404,1.253401815,4768314,LAY,870.00,0.86,13
1770136545405,1.253401815,10492935,BACK,5.50,15.73,0
1770136545405,1.253401815,10492935,BACK,5.60,38.79,1
1770136545405,1.253401815,10492935,BACK,5.30,16.00,2
1770136545405,1.253401815,10492935,BACK,5.40,14.00,3
1770136545405,1.253401815,10492935,BACK,5.20,16.00,4
1770136545405,1.253401815,10492935,BACK,5.00,28.51,5
1770136545405,1.253401815,10492935,BACK,5.10,16.00,6
1770136545405,1.253401815,10492935,BACK,1.04,172.53,7
1770136545405,1.253401815,10492935,BACK,1.02,172.64,8
1770136545405,1.253401815,10492935,BACK,1.03,172.57,9
1770136545405,1.253401815,10492935,BACK,1.01,491.14,10
1770136545405,1.253401815,10492935,BACK,1.09,3.58,11
1770136545405,1.253401815,10492935,BACK,1.06,0.67,12
1770136545405,1.253401815,10492935,BACK,2.98,10.07,13
1770136545405,1.253401815,10492935,BACK,2.66,8.27,14
1770136545405,1.253401815,10492935,BACK,2.32,12.93,15
1770136545405,1.253401815,10492935,BACK,2.60,11.25,16
1770136545405,1.253401815,10492935,LAY,5.80,82.65,0
1770136545405,1.253401815,10492935,LAY,5.90,11.00,1
1770136545405,1.253401815,10492935,LAY,6.40,18.00,2
1770136545405,1.253401815,10492935,LAY,6.20,69.23,3
1770136545405,1.253401815,10492935,LAY,6.00,22.00,4
1770136545405,1.253401815,10492935,LAY,980.00,1.33,5
1770136545405,1.253401815,10492935,LAY,24.00,0.01,6
1770136545405,1.253401815,10492935,LAY,17.50,2.05,7
1770136545405,1.253401815,10492935,LAY,15.50,5.08,8
1770136545405,1.253401815,10492935,LAY,7.40,4.04,9
1770136545405,1.253401815,10492935,LAY,600.00,0.86,10
1770136545407,1.253388278,21868583,BACK,3.35,1.00,0
1770136545407,1.253388278,21868583,BACK,3.40,123.78,1
1770136545407,1.253388278,21868583,BACK,3.25,147.96,2
1770136545407,1.253388278,21868583,BACK,3.10,241.98,3
1770136545407,1.253388278,21868583,BACK,3.30,5.00,4
1770136545407,1.253388278,21868583,BACK,3.20,345.47,5
1770136545407,1.253388278,21868583,BACK,3.05,34.38,6
1770136545407,1.253388278,21868583,BACK,2.52,52.56,7
1770136545407,1.253388278,21868583,BACK,3.15,161.17,8
1770136545407,1.253388278,21868583,BACK,3.00,21.76,9
1770136545407,1.253388278,21868583,BACK,1.36,60.00,10
1770136545407,1.253388278,21868583,BACK,1.01,18.00,11
1770136545407,1.253388278,21868583,LAY,3.80,188.02,0
1770136545407,1.253388278,21868583,LAY,3.50,62.68,1
1770136545407,1.253388278,21868583,LAY,3.55,60.00,2
1770136545407,1.253388278,21868583,LAY,3.60,159.02,3
1770136545407,1.253388278,21868583,LAY,3.75,2.00,4
1770136545407,1.253388278,21868583,LAY,3.65,97.76,5
1770136545407,1.253388278,21868583,LAY,3.70,2.37,6
1770136545407,1.253388278,21868583,LAY,19.50,4.99,7
1770136545407,1.253388278,21868583,LAY,4.70,53.14,8
1770136545407,1.253388278,21868583,LAY,15.00,6.99,9
1770136545407,1.253388278,21868583,LAY,790.00,4.31,10
1770136545407,1.253388278,21868583,LAY,140.00,1.72,11
1770136545407,1.253388278,21868583,LAY,65.00,1.72,12
1770136545407,1.253388278,21868583,LAY,290.00,0.96,13
1770136545407,1.253388278,21868583,LAY,190.00,1.72,14
1770136545407,1.253388278,21868583,LAY,280.00,1.05,15
1770136545407,1.253388278,21868583,LAY,80.00,4.00,16
1770136545407,1.253388278,21868583,LAY,20.00,11.15,17
1770136545407,1.253388278,21868583,LAY,380.00,0.33,18
1770136545407,1.253388278,21868583,LAY,680.00,0.24,19
1770136545407,1.253388278,21868583,LAY,690.00,0.22,20
1770136545407,1.253388278,21868583,LAY,390.00,0.44,21
1770136545409,1.253388278,58805,BACK,2.56,2.06,0
1770136545409,1.253388278,58805,BACK,2.48,69.94,1
1770136545409,1.253388278,58805,BACK,2.52,178.96,2
1770136545409,1.253388278,58805,BACK,2.40,78.86,3
1770136545409,1.253388278,58805,BACK,2.46,299.07,4
1770136545409,1.253388278,58805,BACK,2.60,5.60,5
1770136545409,1.253388278,58805,BACK,2.54,58.00,6
1770136545409,1.253388278,58805,BACK,2.50,233.19,7
1770136545409,1.253388278,58805,BACK,2.00,1.27,8
1770136545409,1.253388278,58805,BACK,1.01,94.37,9
1770136545409,1.253388278,58805,BACK,1.60,135.00,10
1770136545409,1.253388278,58805,BACK,1.91,5.00,11
1770136545409,1.253388278,58805,BACK,1.41,2.76,12
1770136545409,1.253388278,58805,LAY,2.70,114.81,0
1770136545409,1.253388278,58805,LAY,2.68,107.48,1
1770136545409,1.253388278,58805,LAY,2.76,104.58,2
1770136545409,1.253388278,58805,LAY,2.66,24.08,3
1770136545409,1.253388278,58805,LAY,2.80,11.32,4
1770136545409,1.253388278,58805,LAY,2.86,137.08,5
1770136545409,1.253388278,58805,LAY,2.74,115.53,6
1770136545409,1.253388278,58805,LAY,2.78,55.96,7
1770136545409,1.253388278,58805,LAY,2.84,56.32,8
1770136545409,1.253388278,58805,LAY,2.72,56.23,9
1770136545409,1.253388278,58805,LAY,2.82,8.81,10
1770136545409,1.253388278,58805,LAY,6.20,4.99,11
1770136545409,1.253388278,58805,LAY,3.25,57.63,12
1770136545409,1.253388278,58805,LAY,2.98,4.00,13
1770136545409,1.253388278,58805,LAY,3.05,8.00,14
1770136545409,1.253388278,58805,LAY,3.00,8.00,15
1770136545409,1.253388278,58805,LAY,3.10,10.00,16
1770136545409,1.253388278,58805,LAY,3.15,4.00,17
1770136545409,1.253388278,58805,LAY,7.00,6.99,18
1770136545409,1.253388278,58805,LAY,10.00,20.00,19
1770136545409,1.253388278,58805,LAY,7.20,4.99,20
1770136545409,1.253388278,58805,LAY,6.40,4.99,21
1770136545409,1.253388278,58805,LAY,7.40,20.30,22
1770136545409,1.253388278,58805,LAY,6.80,2.94,23
1770136545409,1.253388278,58805,LAY,120.00,4.31,24
1770136545409,1.253388278,58805,LAY,900.00,4.31,25
1770136545409,1.253388278,58805,LAY,300.00,4.31,26
1770136545409,1.253388278,58805,LAY,600.00,4.31,27
1770136545409,1.253388278,58805,LAY,48.00,3.45,28
1770136545409,1.253388278,58805,LAY,29.00,5.17,29
1770136545409,1.253388278,58805,LAY,85.00,1.72,30
1770136545409,1.253388278,58805,LAY,65.00,2.59,31
1770136545409,1.253388278,58805,LAY,290.00,0.96,32
1770136545409,1.253388278,58805,LAY,240.00,1.72,33
1770136545409,1.253388278,58805,LAY,280.00,1.05,34
1770136545409,1.253388278,58805,LAY,80.00,6.00,35
1770136545409,1.253388278,58805,LAY,32.00,15.00,36
1770136545409,1.253388278,58805,LAY,500.00,0.41,37
1770136545409,1.253388278,58805,LAY,680.00,0.24,38
1770136545409,1.253388278,58805,LAY,380.00,0.33,39
1770136545409,1.253388278,58805,LAY,390.00,0.44,40
1770136545409,1.253388278,58805,LAY,690.00,0.22,41
1770136545409,1.253388278,58805,LAY,250.00,0.41,42
1770136545409,1.253388278,58805,LAY,750.00,0.08,43
1770136545409,1.253388278,58805,LAY,150.00,0.33,44
1770136545409,1.253388278,58805,LAY,100.00,1.22,45
1770136545411,1.253388278,5112599,BACK,3.05,109.44,0
1770136545411,1.253388278,5112599,BACK,2.84,93.11,1
1770136545411,1.253388278,5112599,BACK,2.76,197.48,2
1770136545411,1.253388278,5112599,BACK,3.00,81.82,3
1770136545411,1.253388278,5112599,BACK,2.92,134.49,4
1770136545411,1.253388278,5112599,BACK,2.98,72.14,5
1770136545411,1.253388278,5112599,BACK,2.94,72.39,6
1770136545411,1.253388278,5112599,BACK,2.86,45.69,7
1770136545411,1.253388278,5112599,BACK,2.96,68.03,8
1770136545411,1.253388278,5112599,BACK,2.48,53.36,9
1770136545411,1.253388278,5112599,BACK,1.31,60.00,10
1770136545411,1.253388278,5112599,BACK,1.01,18.00,11
1770136545411,1.253388278,5112599,BACK,1.34,3.32,12
1770136545411,1.253388278,5112599,LAY,3.25,117.38,0
1770136545411,1.253388278,5112599,LAY,3.20,112.69,1
1770136545411,1.253388278,5112599,LAY,3.30,85.88,2
1770136545411,1.253388278,5112599,LAY,3.35,360.91,3
1770136545411,1.253388278,5112599,LAY,21.00,4.99,4
1770136545411,1.253388278,5112599,LAY,3.50,2.09,5
1770136545411,1.253388278,5112599,LAY,3.40,78.33,6
1770136545411,1.253388278,5112599,LAY,3.55,2.15,7
1770136545411,1.253388278,5112599,LAY,3.45,36.69,8
1770136545411,1.253388278,5112599,LAY,14.50,6.99,9
1770136545411,1.253388278,5112599,LAY,790.00,4.31,10
1770136545411,1.253388278,5112599,LAY,140.00,1.72,11
1770136545411,1.253388278,5112599,LAY,65.00,1.72,12
1770136545411,1.253388278,5112599,LAY,290.00,0.96,13
1770136545411,1.253388278,5112599,LAY,180.00,1.72,14
1770136545411,1.253388278,5112599,LAY,280.00,1.05,15
1770136545411,1.253388278,5112599,LAY,80.00,4.00,16
1770136545411,1.253388278,5112599,LAY,15.00,10.99,17
1770136545411,1.253388278,5112599,LAY,380.00,0.33,18
1770136545411,1.253388278,5112599,LAY,680.00,0.24,19
1770136545411,1.253388278,5112599,LAY,690.00,0.22,20
1770136545411,1.253388278,5112599,LAY,390.00,0.44,21
1770136545412,1.253530531,14116284,BACK,1.24,126.90,0
1770136545412,1.253530531,14116284,BACK,1.11,428.90,1
1770136545412,1.253530531,14116284,BACK,1.22,658.34,2
1770136545412,1.253530531,14116284,BACK,1.19,1.72,3
1770136545412,1.253530531,14116284,BACK,1.21,260.00,4
1770136545412,1.253530531,14116284,BACK,1.02,96.56,5
1770136545412,1.253530531,14116284,BACK,1.01,356.40,6
1770136545412,1.253530531,14116284,BACK,1.04,15.00,7
1770136545412,1.253530531,14116284,BACK,1.05,15.00,8
1770136545412,1.253530531,14116284,BACK,1.06,15.00,9
1770136545412,1.253530531,14116284,LAY,1.26,119.40,0
1770136545412,1.253530531,14116284,LAY,1.28,534.84,1
1770136545412,1.253530531,14116284,LAY,1.42,103.96,2
1770136545412,1.253530531,14116284,LAY,1.27,397.83,3
1770136545412,1.253530531,14116284,LAY,1.39,1.72,4
1770136545412,1.253530531,14116284,LAY,90.00,0.14,5
1770136545412,1.253530531,14116284,LAY,12.00,1.40,6
1770136545412,1.253530531,14116284,LAY,1.58,2.80,7
1770136545412,1.253530531,14116284,LAY,7.20,1.40,8
1770136545412,1.253530531,14116284,LAY,2.40,1.40,9
1770136545412,1.253530531,14116284,LAY,4.80,1.40,10
1770136545412,1.253530531,14116284,LAY,950.00,0.01,11
1770136545412,1.253530531,14116284,LAY,190.00,1.72,12
1770136545412,1.253530531,14116284,LAY,680.00,0.24,13
1770136545412,1.253530531,14116284,LAY,380.00,0.33,14
1770136545412,1.253530531,14116284,LAY,390.00,0.44,15
1770136545412,1.253530531,14116284,LAY,690.00,0.22,16
1770136545412,1.253530531,14116284,LAY,24.00,0.01,17
1770136545414,1.253530531,58805,BACK,5.80,2.00,0
1770136545414,1.253530531,58805,BACK,5.70,33.05,1
1770136545414,1.253530531,58805,BACK,3.60,42.25,2
1770136545414,1.253530531,58805,BACK,5.50,26.00,3
1770136545414,1.253530531,58805,BACK,5.60,31.14,4
1770136545414,1.253530531,58805,BACK,5.40,95.26,5
1770136545414,1.253530531,58805,BACK,5.30,27.00,6
1770136545414,1.253530531,58805,BACK,3.85,1.72,7
1770136545414,1.253530531,58805,BACK,1.01,3659.25,8
1770136545414,1.253530531,58805,BACK,1.80,3.40,9
1770136545414,1.253530531,58805,BACK,1.02,0.14,10
1770136545414,1.253530531,58805,LAY,6.40,90.78,0
1770136545414,1.253530531,58805,LAY,15.50,45.50,1
1770136545414,1.253530531,58805,LAY,7.00,23.00,2
1770136545414,1.253530531,58805,LAY,6.60,30.00,3
1770136545414,1.253530531,58805,LAY,6.80,24.00,4
1770136545414,1.253530531,58805,LAY,340.00,1.12,5
1770136545414,1.253530531,58805,LAY,360.00,0.89,6
1770136545414,1.253530531,58805,LAY,8.80,1.72,7
1770136545414,1.253530531,58805,LAY,110.00,2.59,8
1770136545414,1.253530531,58805,LAY,90.00,2.59,9
1770136545414,1.253530531,58805,LAY,950.00,0.01,10
1770136545414,1.253530531,58805,LAY,240.00,1.72,11
1770136545414,1.253530531,58805,LAY,380.00,0.33,12
1770136545414,1.253530531,58805,LAY,680.00,0.24,13
1770136545414,1.253530531,58805,LAY,390.00,0.44,14
1770136545414,1.253530531,58805,LAY,690.00,0.22,15
1770136545414,1.253530531,58805,LAY,24.00,0.01,16
1770136545415,1.253530531,21070765,BACK,30.00,3.99,0
1770136545415,1.253530531,21070765,BACK,32.00,8.67,1
1770136545415,1.253530531,21070765,BACK,29.00,3.00,2
1770136545415,1.253530531,21070765,BACK,28.00,3.00,3
1770136545415,1.253530531,21070765,BACK,27.00,3.00,4
1770136545415,1.253530531,21070765,BACK,23.00,5.00,5
1770136545415,1.253530531,21070765,BACK,26.00,4.00,6
1770136545415,1.253530531,21070765,BACK,1.01,3814.44,7
1770136545415,1.253530531,21070765,BACK,25.00,4.00,8
1770136545415,1.253530531,21070765,BACK,24.00,5.00,9
1770136545415,1.253530531,21070765,BACK,22.00,7.72,10
1770136545415,1.253530531,21070765,LAY,40.00,10.48,0
1770136545415,1.253530531,21070765,LAY,55.00,2.00,1
1770136545415,1.253530531,21070765,LAY,50.00,2.00,2
1770136545415,1.253530531,21070765,LAY,950.00,0.01,3
1770136545415,1.253530531,21070765,LAY,380.00,0.33,4
1770136545415,1.253530531,21070765,LAY,680.00,0.24,5
1770136545415,1.253530531,21070765,LAY,390.00,0.44,6
1770136545415,1.253530531,21070765,LAY,690.00,0.22,7
1770136545417,1.253435427,69821,BACK,2.96,21.32,0
1770136545417,1.253435427,69821,BACK,2.98,49.46,1
1770136545417,1.253435427,69821,BACK,3.00,0.52,2
1770136545417,1.253435427,69821,BACK,2.94,21.97,3
1770136545417,1.253435427,69821,BACK,2.84,20.00,4
1770136545417,1.253435427,69821,BACK,2.90,19.00,5
1770136545417,1.253435427,69821,BACK,2.86,20.00,6
1770136545417,1.253435427,69821,BACK,2.88,18.00,7
1770136545417,1.253435427,69821,BACK,2.92,86.69,8
1770136545417,1.253435427,69821,BACK,2.70,3.00,9
1770136545417,1.253435427,69821,BACK,2.80,38.67,10
1770136545417,1.253435427,69821,BACK,2.78,19.35,11
1770136545417,1.253435427,69821,BACK,1.04,172.53,12
1770136545417,1.253435427,69821,BACK,2.20,1.96,13
1770136545417,1.253435427,69821,BACK,1.02,172.64,14
1770136545417,1.253435427,69821,BACK,1.03,172.57,15
1770136545417,1.253435427,69821,BACK,1.01,345.85,16
1770136545417,1.253435427,69821,BACK,2.56,17.76,17
1770136545417,1.253435427,69821,BACK,2.72,4.00,18
1770136545417,1.253435427,69821,BACK,1.09,3.58,19
1770136545417,1.253435427,69821,BACK,1.66,18.07,20
1770136545417,1.253435427,69821,BACK,1.99,15.08,21
1770136545417,1.253435427,69821,BACK,1.80,22.50,22
1770136545417,1.253435427,69821,LAY,3.15,133.45,0
1770136545417,1.253435427,69821,LAY,3.10,10.45,1
1770136545417,1.253435427,69821,LAY,3.25,52.58,2
1770136545417,1.253435427,69821,LAY,3.20,46.94,3
1770136545417,1.253435427,69821,LAY,3.30,1.54,4
1770136545417,1.253435427,69821,LAY,4.80,2.05,5
1770136545417,1.253435427,69821,LAY,7.60,5.08,6
1770136545417,1.253435427,69821,LAY,4.20,4.04,7
1770136545417,1.253435427,69821,LAY,600.00,0.86,8
1770136545417,1.253435427,69821,LAY,1000.00,0.05,9
1770136545418,1.253435427,58805,BACK,3.25,173.61,0
1770136545418,1.253435427,58805,BACK,3.30,102.76,1
1770136545418,1.253435427,58805,BACK,3.15,70.08,2
1770136545418,1.253435427,58805,BACK,3.20,126.82,3
1770136545418,1.253435427,58805,BACK,3.10,3.00,4
1770136545418,1.253435427,58805,BACK,1.09,3.58,5
1770136545418,1.253435427,58805,BACK,1.90,1.00,6
1770136545418,1.253435427,58805,BACK,1.10,2.93,7
1770136545418,1.253435427,58805,BACK,2.72,11.03,8
1770136545418,1.253435427,58805,BACK,2.40,12.50,9
1770136545418,1.253435427,58805,BACK,2.52,7.01,10
1770136545418,1.253435427,58805,BACK,2.04,17.31,11
1770136545418,1.253435427,58805,BACK,2.06,6.39,12
1770136545418,1.253435427,58805,BACK,1.01,15.00,13
1770136545418,1.253435427,58805,BACK,1.03,2.00,14
1770136545418,1.253435427,58805,LAY,3.45,110.13,0
1770136545418,1.253435427,58805,LAY,3.50,180.05,1
1770136545418,1.253435427,58805,LAY,3.55,69.00,2
1770136545418,1.253435427,58805,LAY,3.60,73.00,3
1770136545418,1.253435427,58805,LAY,3.40,159.00,4
1770136545418,1.253435427,58805,LAY,3.70,27.69,5
1770136545418,1.253435427,58805,LAY,5.80,2.05,6
1770136545418,1.253435427,58805,LAY,6.20,5.08,7
1770136545418,1.253435427,58805,LAY,4.60,4.04,8
1770136545418,1.253435427,58805,LAY,7.00,4.13,9
1770136545418,1.253435427,58805,LAY,500.00,0.86,10
1770136545418,1.253435427,58805,LAY,60.00,0.86,11
1770136545418,1.253435427,58805,LAY,1000.00,0.05,12
1770136545418,1.253435427,58805,LAY,950.00,2.20,13
1770136545418,1.253435427,55213,BACK,2.62,37.22,0
1770136545418,1.253435427,55213,BACK,2.64,1.96,1
1770136545418,1.253435427,55213,BACK,2.54,27.00,2
1770136545418,1.253435427,55213,BACK,2.60,110.89,3
1770136545418,1.253435427,55213,BACK,2.58,25.00,4
1770136545418,1.253435427,55213,BACK,2.56,39.94,5
1770136545418,1.253435427,55213,BACK,2.50,1.90,6
1770136545418,1.253435427,55213,BACK,2.52,31.40,7
1770136545418,1.253435427,55213,BACK,2.28,873.53,8
1770136545418,1.253435427,55213,BACK,1.04,172.53,9
1770136545418,1.253435427,55213,BACK,1.02,172.64,10
1770136545418,1.253435427,55213,BACK,1.03,172.57,11
1770136545418,1.253435427,55213,BACK,1.01,345.85,12
1770136545418,1.253435427,55213,BACK,1.09,3.96,13
1770136545418,1.253435427,55213,BACK,1.82,12.09,14
1770136545418,1.253435427,55213,BACK,1.70,17.65,15
1770136545418,1.253435427,55213,BACK,2.06,14.56,16
1770136545418,1.253435427,55213,BACK,1.85,21.18,17
1770136545418,1.253435427,55213,LAY,2.74,23.00,0
1770136545418,1.253435427,55213,LAY,2.72,15.63,1
1770136545418,1.253435427,55213,LAY,2.70,23.84,2
1770136545418,1.253435427,55213,LAY,2.78,92.84,3
1770136545418,1.253435427,55213,LAY,2.76,24.94,4
1770136545418,1.253435427,55213,LAY,2.84,20.00,5
1770136545418,1.253435427,55213,LAY,2.86,46.32,6
1770136545418,1.253435427,55213,LAY,2.82,19.00,7
1770136545418,1.253435427,55213,LAY,2.80,21.00,8
1770136545418,1.253435427,55213,LAY,2.88,10.94,9
1770136545418,1.253435427,55213,LAY,2.98,2.00,10
1770136545418,1.253435427,55213,LAY,4.60,2.05,11
1770136545418,1.253435427,55213,LAY,7.60,5.08,12
1770136545418,1.253435427,55213,LAY,3.95,4.04,13
1770136545418,1.253435427,55213,LAY,870.00,0.86,14
1770136545418,1.253435427,55213,LAY,1000.00,0.05,15
1770136545420,1.253535619,58805,BACK,3.65,6.00,0
1770136545420,1.253535619,58805,BACK,3.25,2.00,1
1770136545420,1.253535619,58805,BACK,3.80,2.95,2
1770136545420,1.253535619,58805,BACK,2.74,51.35,3
1770136545420,1.253535619,58805,BACK,3.60,7.00,4
1770136545420,1.253535619,58805,BACK,3.75,4.00,5
1770136545420,1.253535619,58805,BACK,3.50,6.00,6
1770136545420,1.253535619,58805,BACK,3.55,7.00,7
1770136545420,1.253535619,58805,BACK,1.01,13.46,8
1770136545420,1.253535619,58805,LAY,4.60,3.45,0
1770136545420,1.253535619,58805,LAY,4.20,22.31,1
1770136545420,1.253535619,58805,LAY,4.80,3.45,2
1770136545420,1.253535619,58805,LAY,4.30,49.75,3
1770136545420,1.253535619,58805,LAY,4.90,3.45,4
1770136545420,1.253535619,58805,LAY,4.40,10.45,5
1770136545420,1.253535619,58805,LAY,4.50,10.45,6
1770136545420,1.253535619,58805,LAY,4.70,3.45,7
1770136545420,1.253535619,58805,LAY,110.00,2.59,8
1770136545420,1.253535619,58805,LAY,90.00,2.59,9
1770136545420,1.253535619,58805,LAY,360.00,0.89,10
1770136545420,1.253535619,58805,LAY,340.00,1.12,11
1770136545420,1.253535619,58805,LAY,240.00,1.72,12
1770136545420,1.253535619,58805,LAY,500.00,0.41,13
1770136545420,1.253535619,58805,LAY,250.00,0.41,14
1770136545420,1.253535619,58805,LAY,750.00,0.08,15
1770136545420,1.253535619,58805,LAY,150.00,0.33,16
1770136545420,1.253535619,58805,LAY,100.00,1.22,17
1770136545420,1.253535619,58805,LAY,680.00,0.24,18
1770136545420,1.253535619,58805,LAY,380.00,0.33,19
1770136545420,1.253535619,58805,LAY,390.00,0.44,20
1770136545420,1.253535619,58805,LAY,690.00,0.22,21
1770136545421,1.253535619,20830668,BACK,1.51,116.99,0
1770136545421,1.253535619,20830668,BACK,1.54,36.16,1
1770136545421,1.253535619,20830668,BACK,1.52,17.00,2
1770136545421,1.253535619,20830668,BACK,1.49,9.79,3
1770136545421,1.253535619,20830668,BACK,1.53,31.85,4
1770136545421,1.253535619,20830668,BACK,1.10,1.27,5
1770136545421,1.253535619,20830668,BACK,1.04,15.00,6
1770136545421,1.253535619,20830668,BACK,1.05,15.00,7
1770136545421,1.253535619,20830668,BACK,1.06,15.00,8
1770136545421,1.253535619,20830668,BACK,1.01,529.25,9
1770136545421,1.253535619,20830668,BACK,1.02,269.20,10
1770136545421,1.253535619,20830668,LAY,1.77,82.92,0
1770136545421,1.253535619,20830668,LAY,1.69,13.00,1
1770136545421,1.253535619,20830668,LAY,1.70,13.00,2
1770136545421,1.253535619,20830668,LAY,1.60,2.00,3
1770136545421,1.253535619,20830668,LAY,1.58,0.03,4
1770136545421,1.253535619,20830668,LAY,1.90,74.54,5
1770136545421,1.253535619,20830668,LAY,1.65,14.00,6
1770136545421,1.253535619,20830668,LAY,1.61,3.14,7
1770136545421,1.253535619,20830668,LAY,1.66,14.00,8
1770136545421,1.253535619,20830668,LAY,1.62,12.00,9
1770136545421,1.253535619,20830668,LAY,1.67,14.00,10
1770136545421,1.253535619,20830668,LAY,1.68,13.00,11
1770136545421,1.253535619,20830668,LAY,1.63,4.00,12
1770136545421,1.253535619,20830668,LAY,140.00,1.72,13
1770136545421,1.253535619,20830668,LAY,65.00,1.72,14
1770136545421,1.253535619,20830668,LAY,180.00,1.72,15
1770136545421,1.253535619,20830668,LAY,380.00,0.33,16
1770136545421,1.253535619,20830668,LAY,680.00,0.24,17
1770136545421,1.253535619,20830668,LAY,390.00,0.44,18
1770136545421,1.253535619,20830668,LAY,690.00,0.22,19
1770136545422,1.253535619,39533759,BACK,7.80,7.95,0
1770136545422,1.253535619,39533759,BACK,8.00,2.00,1
1770136545422,1.253535619,39533759,BACK,7.60,10.00,2
1770136545422,1.253535619,39533759,BACK,7.20,4.00,3
1770136545422,1.253535619,39533759,BACK,3.40,44.68,4
1770136545422,1.253535619,39533759,BACK,8.60,2.00,5
1770136545422,1.253535619,39533759,BACK,7.00,4.00,6
1770136545422,1.253535619,39533759,BACK,6.60,5.00,7
1770136545422,1.253535619,39533759,BACK,6.80,5.00,8
1770136545422,1.253535619,39533759,BACK,1.02,172.64,9
1770136545422,1.253535619,39533759,BACK,1.01,337.85,10
1770136545422,1.253535619,39533759,LAY,10.50,38.05,0
1770136545422,1.253535619,39533759,LAY,9.20,17.94,1
1770136545422,1.253535619,39533759,LAY,10.00,4.00,2
1770136545422,1.253535619,39533759,LAY,9.40,2.00,3
1770136545422,1.253535619,39533759,LAY,810.00,0.87,4
1770136545422,1.253535619,39533759,LAY,820.00,0.86,5
1770136545422,1.253535619,39533759,LAY,190.00,1.72,6
1770136545422,1.253535619,39533759,LAY,380.00,0.33,7
1770136545422,1.253535619,39533759,LAY,680.00,0.24,8
1770136545422,1.253535619,39533759,LAY,390.00,0.44,9
1770136545422,1.253535619,39533759,LAY,690.00,0.22,10
1770136545423,1.253533353,5340649,BACK,21.00,7.00,0
1770136545423,1.253533353,5340649,BACK,24.00,1.34,1
1770136545423,1.253533353,5340649,BACK,20.00,2.00,2
1770136545423,1.253533353,5340649,BACK,19.50,2.00,3
1770136545423,1.253533353,5340649,BACK,19.00,6.04,4
1770136545423,1.253533353,5340649,BACK,23.00,9.09,5
1770136545423,1.253533353,5340649,BACK,1.02,174.29,6
1770136545423,1.253533353,5340649,BACK,18.50,2.00,7
1770136545423,1.253533353,5340649,BACK,18.00,2.00,8
1770136545423,1.253533353,5340649,BACK,17.00,2.00,9
1770136545423,1.253533353,5340649,BACK,17.50,2.00,10
1770136545423,1.253533353,5340649,BACK,1.04,172.53,11
1770136545423,1.253533353,5340649,BACK,1.03,172.57,12
1770136545423,1.253533353,5340649,BACK,1.01,340.85,13
1770136545423,1.253533353,5340649,BACK,8.80,2.50,14
1770136545423,1.253533353,5340649,BACK,9.00,2.25,15
1770136545423,1.253533353,5340649,LAY,27.00,1.94,0
1770136545423,1.253533353,5340649,LAY,29.00,1.13,1
1770136545423,1.253533353,5340649,LAY,28.00,1.46,2
1770136545423,1.253533353,5340649,LAY,30.00,8.90,3
1770136545423,1.253533353,5340649,LAY,32.00,5.33,4
1770136545423,1.253533353,5340649,LAY,980.00,0.39,5
1770136545423,1.253533353,5340649,LAY,150.00,2.05,6
1770136545423,1.253533353,5340649,LAY,870.00,0.86,7
1770136545423,1.253533353,58805,BACK,10.00,29.95,0
1770136545423,1.253533353,58805,BACK,9.80,8.00,1
1770136545423,1.253533353,58805,BACK,9.60,7.85,2
1770136545423,1.253533353,58805,BACK,9.20,6.18,3
1770136545423,1.253533353,58805,BACK,9.40,3.00,4
1770136545423,1.253533353,58805,BACK,8.00,2.75,5
1770136545423,1.253533353,58805,BACK,9.00,7.00,6
1770136545423,1.253533353,58805,BACK,8.40,3.00,7
1770136545423,1.253533353,58805,BACK,8.80,9.00,8
1770136545423,1.253533353,58805,BACK,8.60,3.00,9
1770136545423,1.253533353,58805,BACK,1.01,113.89,10
1770136545423,1.253533353,58805,BACK,3.05,5.20,11
1770136545423,1.253533353,58805,BACK,2.06,6.39,12
1770136545423,1.253533353,58805,BACK,4.30,5.45,13
1770136545423,1.253533353,58805,BACK,1.03,2.00,14
1770136545423,1.253533353,58805,BACK,1.10,2.59,15
1770136545423,1.253533353,58805,LAY,11.50,14.69,0
1770136545423,1.253533353,58805,LAY,12.00,8.06,1
1770136545423,1.253533353,58805,LAY,13.00,20.60,2
1770136545423,1.253533353,58805,LAY,12.50,2.00,3
1770136545423,1.253533353,58805,LAY,15.50,2.00,4
1770136545423,1.253533353,58805,LAY,15.00,2.00,5
1770136545423,1.253533353,58805,LAY,14.50,2.00,6
1770136545423,1.253533353,58805,LAY,14.00,2.00,7
1770136545423,1.253533353,58805,LAY,13.50,2.00,8
1770136545423,1.253533353,58805,LAY,980.00,0.43,9
1770136545423,1.253533353,58805,LAY,32.00,2.05,10
1770136545423,1.253533353,58805,LAY,950.00,2.20,11
1770136545423,1.253533353,58805,LAY,500.00,0.86,12
1770136545424,1.253533353,113125,BACK,1.13,145.46,0
1770136545424,1.253533353,113125,BACK,1.12,643.69,1
1770136545424,1.253533353,113125,BACK,1.14,72.41,2
1770136545424,1.253533353,113125,BACK,1.15,16.61,3
1770136545424,1.253533353,113125,BACK,1.10,146.01,4
1770136545424,1.253533353,113125,BACK,1.11,146.01,5
1770136545424,1.253533353,113125,BACK,1.04,172.53,6
1770136545424,1.253533353,113125,BACK,1.02,172.64,7
1770136545424,1.253533353,113125,BACK,1.03,172.57,8
1770136545424,1.253533353,113125,BACK,1.01,340.85,9
1770136545424,1.253533353,113125,LAY,1.16,439.29,0
1770136545424,1.253533353,113125,LAY,1.17,210.31,1
1770136545424,1.253533353,113125,LAY,1.18,457.53,2
1770136545424,1.253533353,113125,LAY,1.20,34.00,3
1770136545424,1.253533353,113125,LAY,970.00,0.07,4
1770136545424,1.253533353,113125,LAY,980.00,0.07,5
1770136545424,1.253533353,113125,LAY,1000.00,0.07,6
1770136545424,1.253533353,113125,LAY,990.00,0.07,7
1770136545424,1.253533353,113125,LAY,2.10,4.50,8
1770136545424,1.253533353,113125,LAY,1.30,2.05,9
1770136545424,1.253533353,113125,LAY,600.00,0.86,10
1770136545425,1.253527923,6250293,BACK,48.00,3.77,0
1770136545425,1.253527923,6250293,BACK,46.00,4.96,1
1770136545425,1.253527923,6250293,BACK,50.00,0.95,2
1770136545425,1.253527923,6250293,BACK,55.00,0.71,3
1770136545425,1.253527923,6250293,BACK,42.00,2.00,4
1770136545425,1.253527923,6250293,BACK,44.00,10.00,5
1770136545425,1.253527923,6250293,BACK,40.00,2.00,6
1770136545425,1.253527923,6250293,BACK,38.00,2.00,7
1770136545425,1.253527923,6250293,BACK,36.00,3.00,8
1770136545425,1.253527923,6250293,BACK,30.00,2.00,9
1770136545425,1.253527923,6250293,BACK,34.00,3.00,10
1770136545425,1.253527923,6250293,BACK,32.00,4.00,11
1770136545425,1.253527923,6250293,BACK,5.10,431.07,12
1770136545425,1.253527923,6250293,BACK,1.01,3814.66,13
1770136545425,1.253527923,6250293,BACK,1.02,172.64,14
1770136545425,1.253527923,6250293,LAY,140.00,0.49,0
1770136545425,1.253527923,6250293,LAY,380.00,2.59,1
1770136545425,1.253527923,6250293,LAY,330.00,2.59,2
1770136545425,1.253527923,6250293,LAY,350.00,2.59,3
1770136545425,1.253527923,6250293,LAY,150.00,5.17,4
1770136545425,1.253527923,6250293,LAY,280.00,2.59,5
1770136545426,1.253527923,58805,BACK,8.00,29.16,0
1770136545426,1.253527923,58805,BACK,7.00,7.32,1
1770136545426,1.253527923,58805,BACK,7.80,36.36,2
1770136545426,1.253527923,58805,BACK,7.20,32.00,3
1770136545426,1.253527923,58805,BACK,7.60,28.00,4
1770136545426,1.253527923,58805,BACK,7.40,36.66,5
1770136545426,1.253527923,58805,BACK,1.01,3663.63,6
1770136545426,1.253527923,58805,LAY,9.80,28.65,0
1770136545426,1.253527923,58805,LAY,9.60,4.00,1
1770136545426,1.253527923,58805,LAY,10.00,35.74,2
1770136545426,1.253527923,58805,LAY,10.50,8.62,3
1770136545426,1.253527923,58805,LAY,250.00,5.17,4
1770136545426,1.253527923,58805,LAY,200.00,5.17,5
1770136545426,1.253527923,58805,LAY,150.00,5.17,6
1770136545426,1.253527923,58805,LAY,100.00,5.17,7
1770136545426,1.253527923,58805,LAY,360.00,1.75,8
1770136545426,1.253527923,58805,LAY,340.00,1.12,9
1770136545426,1.253527923,58805,LAY,380.00,0.33,10
1770136545426,1.253527923,58805,LAY,680.00,0.24,11
1770136545426,1.253527923,58805,LAY,390.00,0.44,12
1770136545426,1.253527923,58805,LAY,690.00,0.22,13
1770136545427,1.253527923,7653237,BACK,1.12,816.95,0
1770136545427,1.253527923,7653237,BACK,1.06,15.00,1
1770136545427,1.253527923,7653237,BACK,1.13,631.09,2
1770136545427,1.253527923,7653237,BACK,1.14,1.00,3
1770136545427,1.253527923,7653237,BACK,1.03,172.57,4
1770136545427,1.253527923,7653237,BACK,1.02,269.20,5
1770136545427,1.253527923,7653237,BACK,1.10,1.27,6
1770136545427,1.253527923,7653237,BACK,1.04,15.00,7
1770136545427,1.253527923,7653237,BACK,1.05,15.00,8
1770136545427,1.253527923,7653237,BACK,1.01,379.25,9
1770136545427,1.253527923,7653237,LAY,1.16,415.74,0
1770136545427,1.253527923,7653237,LAY,1.19,102.07,1
1770136545427,1.253527923,7653237,LAY,1.17,381.49,2
1770136545427,1.253527923,7653237,LAY,1.20,71.00,3
1770136545427,1.253527923,7653237,LAY,1.18,377.00,4
1770136545427,1.253527923,7653237,LAY,1.21,39.35,5
1770136545427,1.253527923,7653237,LAY,1.22,36.33,6
1770136545427,1.253527923,7653237,LAY,380.00,2.91,7
1770136545427,1.253527923,7653237,LAY,350.00,2.59,8
1770136545427,1.253527923,7653237,LAY,330.00,2.59,9
1770136545427,1.253527923,7653237,LAY,280.00,2.59,10
1770136545427,1.253527923,7653237,LAY,150.00,2.59,11
1770136545427,1.253527923,7653237,LAY,180.00,1.72,12
1770136545427,1.253527923,7653237,LAY,680.00,0.24,13
1770136545427,1.253527923,7653237,LAY,390.00,0.44,14
1770136545427,1.253527923,7653237,LAY,690.00,0.22,15
1770136545428,1.253566108,58805,BACK,4.00,28.32,0
1770136545428,1.253566108,58805,BACK,4.10,5.96,1
1770136545428,1.253566108,58805,BACK,3.95,4.00,2
1770136545428,1.253566108,58805,BACK,3.90,4.00,3
1770136545428,1.253566108,58805,BACK,3.80,5.00,4
1770136545428,1.253566108,58805,BACK,3.85,9.71,5
1770136545428,1.253566108,58805,BACK,1.01,10.00,6
1770136545428,1.253566108,58805,BACK,2.06,6.39,7
1770136545428,1.253566108,58805,BACK,2.32,13.64,8
1770136545428,1.253566108,58805,BACK,2.90,10.34,9
1770136545428,1.253566108,58805,BACK,3.05,5.20,10
1770136545428,1.253566108,58805,BACK,1.03,2.00,11
1770136545428,1.253566108,58805,LAY,4.50,9.58,0
1770136545428,1.253566108,58805,LAY,5.00,25.07,1
1770136545428,1.253566108,58805,LAY,4.60,0.73,2
1770136545428,1.253566108,58805,LAY,4.80,5.00,3
1770136545428,1.253566108,58805,LAY,5.20,3.00,4
1770136545428,1.253566108,58805,LAY,4.90,4.00,5
1770136545428,1.253566108,58805,LAY,5.30,3.00,6
1770136545428,1.253566108,58805,LAY,5.10,4.00,7
1770136545428,1.253566108,58805,LAY,1000.00,0.25,8
1770136545428,1.253566108,58805,LAY,7.00,4.13,9
1770136545428,1.253566108,58805,LAY,9.80,5.08,10
1770136545428,1.253566108,58805,LAY,8.00,4.03,11
1770136545428,1.253566108,58805,LAY,950.00,2.20,12
1770136545429,1.253566108,85908106,BACK,5.00,0.73,0
1770136545429,1.253566108,85908106,BACK,4.90,1.52,1
1770136545429,1.253566108,85908106,BACK,4.80,5.06,2
1770136545429,1.253566108,85908106,BACK,4.40,32.21,3
1770136545429,1.253566108,85908106,BACK,4.70,5.00,4
1770136545429,1.253566108,85908106,BACK,4.60,6.00,5
1770136545429,1.253566108,85908106,BACK,4.50,7.00,6
1770136545429,1.253566108,85908106,BACK,1.10,0.36,7
1770136545429,1.253566108,85908106,BACK,1.04,172.53,8
1770136545429,1.253566108,85908106,BACK,1.02,172.64,9
1770136545429,1.253566108,85908106,BACK,1.03,172.57,10
1770136545429,1.253566108,85908106,BACK,1.01,340.85,11
1770136545429,1.253566108,85908106,BACK,3.15,6.98,12
1770136545429,1.253566108,85908106,BACK,2.76,10.23,13
1770136545429,1.253566108,85908106,BACK,2.86,10.49,14
1770136545429,1.253566108,85908106,LAY,5.80,3.73,0
1770136545429,1.253566108,85908106,LAY,5.70,3.00,1
1770136545429,1.253566108,85908106,LAY,5.60,3.00,2
1770136545429,1.253566108,85908106,LAY,5.90,3.00,3
1770136545429,1.253566108,85908106,LAY,6.00,5.00,4
1770136545429,1.253566108,85908106,LAY,6.20,5.00,5
1770136545429,1.253566108,85908106,LAY,1000.00,0.32,6
1770136545429,1.253566108,85908106,LAY,19.00,5.08,7
1770136545429,1.253566108,85908106,LAY,21.00,2.02,8
1770136545429,1.253566108,85908106,LAY,16.00,2.01,9
1770136545430,1.253566108,60143,BACK,1.67,11.73,0
1770136545430,1.253566108,60143,BACK,1.68,11.00,1
1770136545430,1.253566108,60143,BACK,1.64,71.82,2
1770136545430,1.253566108,60143,BACK,1.65,12.00,3
1770136545430,1.253566108,60143,BACK,1.66,12.00,4
1770136545430,1.253566108,60143,BACK,1.62,13.00,5
1770136545430,1.253566108,60143,BACK,1.63,12.00,6
1770136545430,1.253566108,60143,BACK,1.04,172.53,7
1770136545430,1.253566108,60143,BACK,1.02,172.64,8
1770136545430,1.253566108,60143,BACK,1.03,172.57,9
1770136545430,1.253566108,60143,BACK,1.01,340.85,10
1770136545430,1.253566108,60143,BACK,1.22,18.03,11
1770136545430,1.253566108,60143,BACK,1.29,23.26,12
1770136545430,1.253566108,60143,BACK,1.23,78.26,13
1770136545430,1.253566108,60143,LAY,1.73,0.73,0
1770136545430,1.253566108,60143,LAY,1.80,27.90,1
1770136545430,1.253566108,60143,LAY,1.85,60.70,2
1770136545430,1.253566108,60143,LAY,1.72,163.85,3
1770136545430,1.253566108,60143,LAY,1.81,8.00,4
1770136545430,1.253566108,60143,LAY,1.82,8.00,5
1770136545430,1.253566108,60143,LAY,1.86,8.00,6
1770136545430,1.253566108,60143,LAY,1000.00,0.27,7
1770136545430,1.253566108,60143,LAY,1.84,9.00,8
1770136545430,1.253566108,60143,LAY,1.83,9.00,9
1770136545430,1.253566108,60143,LAY,3.40,5.08,10
1770136545430,1.253566108,60143,LAY,2.16,2.01,11
1770136545430,1.253566108,60143,LAY,2.04,2.02,12
1770136545431,1.253364792,10201607,BACK,1.59,207.11,0
1770136545431,1.253364792,10201607,BACK,1.58,78.91,1
1770136545431,1.253364792,10201607,BACK,1.57,76.00,2
1770136545431,1.253364792,10201607,BACK,1.52,54.37,3
1770136545431,1.253364792,10201607,BACK,1.55,80.00,4
1770136545431,1.253364792,10201607,BACK,1.56,83.00,5
1770136545431,1.253364792,10201607,BACK,1.04,172.53,6
1770136545431,1.253364792,10201607,BACK,1.02,172.64,7
1770136545431,1.253364792,10201607,BACK,1.03,172.57,8
1770136545431,1.253364792,10201607,BACK,1.01,535.93,9
1770136545431,1.253364792,10201607,BACK,1.09,3.58,10
1770136545431,1.253364792,10201607,BACK,1.26,17.46,11
1770136545431,1.253364792,10201607,BACK,1.24,24.19,12
1770136545431,1.253364792,10201607,BACK,1.32,56.25,13
1770136545431,1.253364792,10201607,BACK,1.36,22.06,14
1770136545431,1.253364792,10201607,LAY,1.66,99.00,0
1770136545431,1.253364792,10201607,LAY,1.65,200.55,1
1770136545431,1.253364792,10201607,LAY,1.62,41.25,2
1770136545431,1.253364792,10201607,LAY,1.63,113.73,3
1770136545431,1.253364792,10201607,LAY,1.64,73.00,4
1770136545431,1.253364792,10201607,LAY,980.00,2.22,5
1770136545431,1.253364792,10201607,LAY,24.00,0.01,6
1770136545431,1.253364792,10201607,LAY,2.36,2.05,7
1770136545431,1.253364792,10201607,LAY,3.70,5.08,8
1770136545431,1.253364792,10201607,LAY,2.14,4.04,9
1770136545431,1.253364792,10201607,LAY,870.00,0.86,10
1770136545432,1.253364792,58805,BACK,4.70,56.69,0
1770136545432,1.253364792,58805,BACK,4.80,35.05,1
1770136545432,1.253364792,58805,BACK,4.60,71.24,2
1770136545432,1.253364792,58805,BACK,4.50,44.98,3
1770136545432,1.253364792,58805,BACK,4.00,6.71,4
1770136545432,1.253364792,58805,BACK,1.01,135.01,5
1770136545432,1.253364792,58805,BACK,4.20,0.01,6
1770136545432,1.253364792,58805,BACK,1.09,3.58,7
1770136545432,1.253364792,58805,BACK,1.08,0.46,8
1770136545432,1.253364792,58805,BACK,1.10,2.59,9
1770136545432,1.253364792,58805,BACK,3.85,5.71,10
1770136545432,1.253364792,58805,BACK,3.05,5.20,11
1770136545432,1.253364792,58805,BACK,3.00,10.00,12
1770136545432,1.253364792,58805,BACK,2.06,6.39,13
1770136545432,1.253364792,58805,BACK,2.50,12.00,14
1770136545432,1.253364792,58805,BACK,3.45,8.70,15
1770136545432,1.253364792,58805,BACK,1.03,2.00,16
1770136545432,1.253364792,58805,LAY,5.20,30.00,0
1770136545432,1.253364792,58805,LAY,5.10,58.97,1
1770136545432,1.253364792,58805,LAY,5.00,1.64,2
1770136545432,1.253364792,58805,LAY,6.00,8.75,3
1770136545432,1.253364792,58805,LAY,5.30,19.00,4
1770136545432,1.253364792,58805,LAY,95.00,0.51,5
1770136545432,1.253364792,58805,LAY,150.00,0.33,6
1770136545432,1.253364792,58805,LAY,500.00,1.19,7
1770136545432,1.253364792,58805,LAY,250.00,0.33,8
1770136545432,1.253364792,58805,LAY,5.40,18.00,9
1770136545432,1.253364792,58805,LAY,5.70,16.00,10
1770136545432,1.253364792,58805,LAY,5.50,17.00,11
1770136545432,1.253364792,58805,LAY,5.60,16.41,12
1770136545432,1.253364792,58805,LAY,990.00,2.39,13
1770136545432,1.253364792,58805,LAY,24.00,0.01,14
1770136545432,1.253364792,58805,LAY,10.00,2.05,15
1770136545432,1.253364792,58805,LAY,1000.00,0.25,16
1770136545432,1.253364792,58805,LAY,9.20,5.08,17
1770136545432,1.253364792,58805,LAY,7.00,4.13,18
1770136545432,1.253364792,58805,LAY,6.40,4.04,19
1770136545432,1.253364792,58805,LAY,60.00,0.86,20
1770136545432,1.253364792,58805,LAY,840.00,0.86,21
1770136545432,1.253364792,58805,LAY,950.00,2.20,22
1770136545433,1.253364792,10369569,BACK,5.50,7.10,0
1770136545433,1.253364792,10369569,BACK,5.40,87.94,1
1770136545433,1.253364792,10369569,BACK,4.80,12.99,2
1770136545433,1.253364792,10369569,BACK,5.20,26.00,3
1770136545433,1.253364792,10369569,BACK,5.30,25.00,4
1770136545433,1.253364792,10369569,BACK,5.10,26.00,5
1770136545433,1.253364792,10369569,BACK,1.04,172.53,6
1770136545433,1.253364792,10369569,BACK,1.02,172.64,7
1770136545433,1.253364792,10369569,BACK,1.03,172.57,8
1770136545433,1.253364792,10369569,BACK,1.01,487.71,9
1770136545433,1.253364792,10369569,BACK,4.90,0.86,10
1770136545433,1.253364792,10369569,BACK,1.09,3.58,11
1770136545433,1.253364792,10369569,BACK,2.56,8.59,12
1770136545433,1.253364792,10369569,BACK,3.05,9.84,13
1770136545433,1.253364792,10369569,BACK,2.64,10.98,14
1770136545433,1.253364792,10369569,BACK,2.36,12.71,15
1770136545433,1.253364792,10369569,LAY,5.90,21.73,0
1770136545433,1.253364792,10369569,LAY,6.00,65.68,1
1770136545433,1.253364792,10369569,LAY,5.80,28.00,2
1770136545433,1.253364792,10369569,LAY,6.60,9.04,3
1770136545433,1.253364792,10369569,LAY,6.20,30.00,4
1770136545433,1.253364792,10369569,LAY,970.00,2.39,5
1770136545433,1.253364792,10369569,LAY,24.00,0.01,6
1770136545433,1.253364792,10369569,LAY,20.00,2.05,7
1770136545433,1.253364792,10369569,LAY,1000.00,0.25,8
1770136545433,1.253364792,10369569,LAY,15.00,5.08,9
1770136545433,1.253364792,10369569,LAY,7.20,4.04,10
1770136545433,1.253364792,10369569,LAY,600.00,0.86,11
1770136545435,1.253412796,55868423,BACK,1.04,172.53,0
1770136545435,1.253412796,55868423,BACK,1.02,172.64,1
1770136545435,1.253412796,55868423,BACK,1.03,172.57,2
1770136545435,1.253412796,55868423,BACK,1.01,337.85,3
1770136545435,1.253412796,55868423,LAY,46.00,11.39,0
1770136545435,1.253412796,55868423,LAY,140.00,1.72,1
1770136545435,1.253412796,55868423,LAY,65.00,1.72,2
1770136545435,1.253412796,55868423,LAY,290.00,0.96,3
1770136545435,1.253412796,55868423,LAY,280.00,1.05,4
1770136545435,1.253412796,55868423,LAY,340.00,0.86,5
1770136545435,1.253412796,55868423,LAY,380.00,0.33,6
1770136545435,1.253412796,55868423,LAY,680.00,0.24,7
1770136545435,1.253412796,55868423,LAY,690.00,0.22,8
1770136545435,1.253412796,55868423,LAY,390.00,0.44,9
1770136545435,1.253412796,55868423,LAY,24.00,0.01,10
1770136545435,1.253412796,8306133,BACK,2.44,12.00,0
1770136545435,1.253412796,8306133,BACK,2.46,1.00,1
1770136545435,1.253412796,8306133,BACK,1.24,4.71,2
1770136545435,1.253412796,8306133,BACK,1.04,172.53,3
1770136545435,1.253412796,8306133,BACK,1.02,172.64,4
1770136545435,1.253412796,8306133,BACK,1.03,172.57,5
1770136545435,1.253412796,8306133,BACK,1.01,337.85,6
1770136545435,1.253412796,8306133,LAY,9.60,17.89,0
1770136545435,1.253412796,8306133,LAY,65.00,1.72,1
1770136545435,1.253412796,8306133,LAY,140.00,1.72,2
1770136545435,1.253412796,8306133,LAY,180.00,1.72,3
1770136545435,1.253412796,8306133,LAY,80.00,4.00,4
1770136545435,1.253412796,8306133,LAY,18.00,20.00,5
1770136545435,1.253412796,8306133,LAY,290.00,0.96,6
1770136545435,1.253412796,8306133,LAY,280.00,1.05,7
1770136545435,1.253412796,8306133,LAY,680.00,0.24,8
1770136545435,1.253412796,8306133,LAY,380.00,0.33,9
1770136545435,1.253412796,8306133,LAY,390.00,0.44,10
1770136545435,1.253412796,8306133,LAY,690.00,0.22,11
1770136545435,1.253412796,8306133,LAY,24.00,0.01,12
1770136545436,1.253412796,58805,BACK,2.38,1.00,0
1770136545436,1.253412796,58805,BACK,2.24,2.60,1
1770136545436,1.253412796,58805,BACK,2.34,2.60,2
1770136545436,1.253412796,58805,BACK,2.32,2.60,3
1770136545436,1.253412796,58805,BACK,2.36,2.60,4
1770136545436,1.253412796,58805,BACK,2.40,5.00,5
1770136545436,1.253412796,58805,BACK,2.28,2.60,6
1770136545436,1.253412796,58805,BACK,2.20,2.60,7
1770136545436,1.253412796,58805,BACK,2.26,2.60,8
1770136545436,1.253412796,58805,BACK,2.22,2.60,9
1770136545436,1.253412796,58805,BACK,2.30,2.60,10
1770136545436,1.253412796,58805,BACK,2.12,2.60,11
1770136545436,1.253412796,58805,BACK,2.14,2.60,12
1770136545436,1.253412796,58805,BACK,2.16,2.60,13
1770136545436,1.253412796,58805,BACK,2.18,2.60,14
1770136545436,1.253412796,58805,BACK,1.01,14.19,15
1770136545436,1.253412796,58805,BACK,2.00,1.27,16
1770136545436,1.253412796,58805,BACK,1.41,2.76,17
1770136545436,1.253412796,58805,BACK,1.60,135.00,18
1770136545436,1.253412796,58805,BACK,1.91,5.00,19
1770136545436,1.253412796,58805,LAY,7.40,2.64,0
1770136545436,1.253412796,58805,LAY,7.80,16.61,1
1770136545436,1.253412796,58805,LAY,6.80,2.94,2
1770136545436,1.253412796,58805,LAY,29.00,5.17,3
1770136545436,1.253412796,58805,LAY,48.00,3.45,4
1770136545436,1.253412796,58805,LAY,85.00,1.72,5
1770136545436,1.253412796,58805,LAY,65.00,2.59,6
1770136545436,1.253412796,58805,LAY,240.00,1.72,7
1770136545436,1.253412796,58805,LAY,80.00,6.00,8
1770136545436,1.253412796,58805,LAY,290.00,0.96,9
1770136545436,1.253412796,58805,LAY,280.00,1.05,10
1770136545436,1.253412796,58805,LAY,500.00,0.41,11
1770136545436,1.253412796,58805,LAY,680.00,0.24,12
1770136545436,1.253412796,58805,LAY,380.00,0.33,13
1770136545436,1.253412796,58805,LAY,390.00,0.44,14
1770136545436,1.253412796,58805,LAY,690.00,0.22,15
1770136545436,1.253412796,58805,LAY,100.00,1.22,16
1770136545436,1.253412796,58805,LAY,250.00,0.41,17
1770136545436,1.253412796,58805,LAY,750.00,0.08,18
1770136545436,1.253412796,58805,LAY,150.00,0.33,19
1770136545436,1.253412796,58805,LAY,24.00,0.01,20
1770136545437,1.253551229,6799680,BACK,1.92,4.50,0
1770136545437,1.253551229,6799680,BACK,1.93,2.00,1
1770136545437,1.253551229,6799680,BACK,1.87,2.00,2
1770136545437,1.253551229,6799680,BACK,1.90,2.00,3
1770136545437,1.253551229,6799680,BACK,1.91,221.73,4
1770136545437,1.253551229,6799680,BACK,1.88,2.00,5
1770136545437,1.253551229,6799680,BACK,1.89,2.00,6
1770136545437,1.253551229,6799680,BACK,1.34,16.42,7
1770136545437,1.253551229,6799680,BACK,1.56,19.23,8
1770136545437,1.253551229,6799680,BACK,1.45,40.00,9
1770136545437,1.253551229,6799680,BACK,1.32,56.25,10
1770136545437,1.253551229,6799680,BACK,1.01,165.00,11
1770136545437,1.253551229,6799680,LAY,2.14,5.00,0
1770136545437,1.253551229,6799680,LAY,2.24,2.00,1
1770136545437,1.253551229,6799680,LAY,2.16,201.97,2
1770136545437,1.253551229,6799680,LAY,2.20,2.00,3
1770136545437,1.253551229,6799680,LAY,2.18,2.00,4
1770136545437,1.253551229,6799680,LAY,2.22,2.00,5
1770136545437,1.253551229,6799680,LAY,2.94,2.05,6
1770136545437,1.253551229,6799680,LAY,24.00,0.01,7
1770136545437,1.253551229,6799680,LAY,5.10,5.08,8
1770136545437,1.253551229,6799680,LAY,870.00,0.86,9
1770136545438,1.253551229,58805,BACK,4.10,2.00,0
1770136545438,1.253551229,58805,BACK,4.50,4.98,1
1770136545438,1.253551229,58805,BACK,3.45,1.10,2
1770136545438,1.253551229,58805,BACK,4.40,58.61,3
1770136545438,1.253551229,58805,BACK,2.24,14.52,4
1770136545438,1.253551229,58805,BACK,3.05,5.20,5
1770136545438,1.253551229,58805,BACK,2.20,15.00,6
1770136545438,1.253551229,58805,BACK,2.06,6.39,7
1770136545438,1.253551229,58805,BACK,1.01,10.00,8
1770136545438,1.253551229,58805,BACK,1.03,2.00,9
1770136545438,1.253551229,58805,BACK,1.10,2.59,10
1770136545438,1.253551229,58805,LAY,5.40,98.29,0
1770136545438,1.253551229,58805,LAY,5.30,4.23,1
1770136545438,1.253551229,58805,LAY,10.00,2.05,2
1770136545438,1.253551229,58805,LAY,24.00,0.01,3
1770136545438,1.253551229,58805,LAY,10.50,5.08,4
1770136545438,1.253551229,58805,LAY,7.00,4.13,5
1770136545438,1.253551229,58805,LAY,950.00,2.20,6
1770136545438,1.253551229,58805,LAY,500.00,0.86,7
1770136545438,1.253551229,6597943,BACK,3.05,99.49,0
1770136545438,1.253551229,6597943,BACK,3.10,4.56,1
1770136545438,1.253551229,6597943,BACK,1.92,11.46,2
1770136545438,1.253551229,6597943,BACK,2.48,12.10,3
1770136545438,1.253551229,6597943,BACK,2.20,15.00,4
1770136545438,1.253551229,6597943,BACK,1.88,15.96,5
1770136545438,1.253551229,6597943,BACK,1.73,24.66,6
1770136545438,1.253551229,6597943,BACK,1.01,165.00,7
1770136545438,1.253551229,6597943,LAY,3.65,145.50,0
1770136545438,1.253551229,6597943,LAY,7.80,2.05,1
1770136545438,1.253551229,6597943,LAY,24.00,0.01,2
1770136545438,1.253551229,6597943,LAY,10.00,5.08,3
1770136545438,1.253551229,6597943,LAY,600.00,0.86,4
1770136545438,1.253461204,9220660,BACK,3.20,125.01,0
1770136545438,1.253461204,9220660,BACK,3.15,75.00,1
1770136545438,1.253461204,9220660,BACK,3.05,144.21,2
1770136545438,1.253461204,9220660,BACK,3.10,82.00,3
1770136545438,1.253461204,9220660,BACK,1.04,172.53,4
1770136545438,1.253461204,9220660,BACK,1.02,172.64,5
1770136545438,1.253461204,9220660,BACK,3.00,1.72,6
1770136545438,1.253461204,9220660,BACK,1.03,172.57,7
1770136545438,1.253461204,9220660,BACK,1.01,347.85,8
1770136545438,1.253461204,9220660,BACK,2.86,1.85,9
1770136545438,1.253461204,9220660,BACK,2.94,1.78,10
1770136545438,1.253461204,9220660,BACK,2.96,1.76,11
1770136545438,1.253461204,9220660,BACK,2.84,1.87,12
1770136545438,1.253461204,9220660,BACK,2.98,1.74,13
1770136545438,1.253461204,9220660,BACK,2.90,1.82,14
1770136545438,1.253461204,9220660,BACK,2.88,1.84,15
1770136545438,1.253461204,9220660,BACK,2.92,1.79,16
1770136545438,1.253461204,9220660,BACK,1.81,16.57,17
1770136545438,1.253461204,9220660,BACK,1.82,0.86,18
1770136545438,1.253461204,9220660,BACK,1.55,14.19,19
1770136545438,1.253461204,9220660,BACK,1.65,27.69,20
1770136545438,1.253461204,9220660,LAY,3.40,67.41,0
1770136545438,1.253461204,9220660,LAY,3.35,108.30,1
1770136545438,1.253461204,9220660,LAY,3.45,60.00,2
1770136545438,1.253461204,9220660,LAY,3.50,126.15,3
1770136545438,1.253461204,9220660,LAY,3.55,57.45,4
1770136545438,1.253461204,9220660,LAY,3.30,671.50,5
1770136545438,1.253461204,9220660,LAY,3.65,3.45,6
1770136545438,1.253461204,9220660,LAY,3.75,3.45,7
1770136545438,1.253461204,9220660,LAY,3.90,3.45,8
1770136545438,1.253461204,9220660,LAY,3.80,3.45,9
1770136545438,1.253461204,9220660,LAY,3.70,3.45,10
1770136545438,1.253461204,9220660,LAY,3.95,3.45,11
1770136545438,1.253461204,9220660,LAY,3.85,3.45,12
1770136545438,1.253461204,9220660,LAY,3.60,269.61,13
1770136545438,1.253461204,9220660,LAY,4.00,3.45,14
1770136545438,1.253461204,9220660,LAY,1000.00,0.11,15
1770136545438,1.253461204,9220660,LAY,7.00,5.08,16
1770136545438,1.253461204,9220660,LAY,600.00,0.86,17
1770136545440,1.253461204,58805,BACK,3.55,687.17,0
1770136545440,1.253461204,58805,BACK,3.50,51.38,1
1770136545440,1.253461204,58805,BACK,3.60,309.69,2
1770136545440,1.253461204,58805,BACK,3.65,51.76,3
1770136545440,1.253461204,58805,BACK,3.45,56.41,4
1770136545440,1.253461204,58805,BACK,3.40,69.84,5
1770136545440,1.253461204,58805,BACK,3.30,1.50,6
1770136545440,1.253461204,58805,BACK,3.35,1.47,7
1770136545440,1.253461204,58805,BACK,1.01,19.00,8
1770136545440,1.253461204,58805,BACK,3.15,6.98,9
1770136545440,1.253461204,58805,BACK,3.05,5.20,10
1770136545440,1.253461204,58805,BACK,2.06,6.39,11
1770136545440,1.253461204,58805,BACK,2.24,14.52,12
1770136545440,1.253461204,58805,BACK,1.10,2.59,13
1770136545440,1.253461204,58805,BACK,1.03,2.00,14
1770136545440,1.253461204,58805,LAY,3.70,113.24,0
1770136545440,1.253461204,58805,LAY,3.80,272.62,1
1770136545440,1.253461204,58805,LAY,3.85,106.31,2
1770136545440,1.253461204,58805,LAY,3.90,84.80,3
1770136545440,1.253461204,58805,LAY,3.75,5.04,4
1770136545440,1.253461204,58805,LAY,3.95,40.45,5
1770136545440,1.253461204,58805,LAY,4.00,60.45,6
1770136545440,1.253461204,58805,LAY,1000.00,0.11,7
1770136545440,1.253461204,58805,LAY,7.40,5.08,8
1770136545440,1.253461204,58805,LAY,7.00,4.13,9
1770136545440,1.253461204,58805,LAY,500.00,0.86,10
1770136545440,1.253461204,58805,LAY,60.00,0.86,11
1770136545440,1.253461204,58805,LAY,950.00,2.20,12
1770136545440,1.253461204,7928242,BACK,2.30,179.60,0
1770136545440,1.253461204,7928242,BACK,2.32,162.07,1
1770136545440,1.253461204,7928242,BACK,2.28,922.79,2
1770136545440,1.253461204,7928242,BACK,2.36,12.87,3
1770136545440,1.253461204,7928242,BACK,2.26,81.73,4
1770136545440,1.253461204,7928242,BACK,2.24,84.78,5
1770136545440,1.253461204,7928242,BACK,1.04,172.53,6
1770136545440,1.253461204,7928242,BACK,2.16,2.97,7
1770136545440,1.253461204,7928242,BACK,1.02,172.64,8
1770136545440,1.253461204,7928242,BACK,2.34,807.24,9
1770136545440,1.253461204,7928242,BACK,1.03,172.57,10
1770136545440,1.253461204,7928242,BACK,1.01,347.85,11
1770136545440,1.253461204,7928242,BACK,2.14,3.03,12
1770136545440,1.253461204,7928242,BACK,2.20,2.87,13
1770136545440,1.253461204,7928242,BACK,2.18,2.92,14
1770136545440,1.253461204,7928242,BACK,2.12,3.08,15
1770136545440,1.253461204,7928242,BACK,2.22,2.83,16
1770136545440,1.253461204,7928242,BACK,2.00,15.00,17
1770136545440,1.253461204,7928242,BACK,1.90,11.58,18
1770136545440,1.253461204,7928242,BACK,1.95,18.95,19
1770136545440,1.253461204,7928242,LAY,2.48,164.54,0
1770136545440,1.253461204,7928242,LAY,2.50,75.50,1
1770136545440,1.253461204,7928242,LAY,2.46,60.00,2
1770136545440,1.253461204,7928242,LAY,2.38,11.66,3
1770136545440,1.253461204,7928242,LAY,2.44,66.00,4
1770136545440,1.253461204,7928242,LAY,2.42,130.65,5
1770136545440,1.253461204,7928242,LAY,2.40,128.86,6
1770136545440,1.253461204,7928242,LAY,2.54,3.45,7
1770136545440,1.253461204,7928242,LAY,2.52,3.45,8
1770136545440,1.253461204,7928242,LAY,2.62,3.45,9
1770136545440,1.253461204,7928242,LAY,2.58,3.45,10
1770136545440,1.253461204,7928242,LAY,2.66,3.45,11
1770136545440,1.253461204,7928242,LAY,2.64,3.45,12
1770136545440,1.253461204,7928242,LAY,2.60,3.45,13
1770136545440,1.253461204,7928242,LAY,2.56,3.45,14
1770136545440,1.253461204,7928242,LAY,1000.00,0.11,15
1770136545440,1.253461204,7928242,LAY,9.00,5.08,16
1770136545440,1.253461204,7928242,LAY,870.00,0.86,17
1770136545441,1.253449347,503236,BACK,4.00,28.17,0
1770136545441,1.253449347,503236,BACK,3.95,5.00,1
1770136545441,1.253449347,503236,BACK,3.80,43.04,2
1770136545441,1.253449347,503236,BACK,3.90,5.00,3
1770136545441,1.253449347,503236,BACK,3.85,6.00,4
1770136545441,1.253449347,503236,BACK,1.04,172.53,5
1770136545441,1.253449347,503236,BACK,1.02,172.64,6
1770136545441,1.253449347,503236,BACK,1.03,172.57,7
1770136545441,1.253449347,503236,BACK,1.01,337.85,8
1770136545441,1.253449347,503236,BACK,3.60,0.01,9
1770136545441,1.253449347,503236,BACK,1.05,0.81,10
1770136545441,1.253449347,503236,BACK,2.48,8.87,11
1770136545441,1.253449347,503236,BACK,2.70,11.11,12
1770136545441,1.253449347,503236,BACK,2.12,14.15,13
1770136545441,1.253449347,503236,BACK,2.36,13.24,14
1770136545441,1.253449347,503236,LAY,4.60,30.97,0
1770136545441,1.253449347,503236,LAY,4.40,33.82,1
1770136545441,1.253449347,503236,LAY,4.50,6.00,2
1770136545441,1.253449347,503236,LAY,4.30,17.15,3
1770136545441,1.253449347,503236,LAY,9.80,2.05,4
1770136545441,1.253449347,503236,LAY,970.00,0.38,5
1770136545441,1.253449347,503236,LAY,14.50,5.08,6
1770136545441,1.253449347,503236,LAY,6.80,4.04,7
1770136545441,1.253449347,503236,LAY,870.00,0.86,8
1770136545442,1.253449347,15740271,BACK,1.94,97.28,0
1770136545442,1.253449347,15740271,BACK,2.02,28.61,1
1770136545442,1.253449347,15740271,BACK,1.97,8.00,2
1770136545442,1.253449347,15740271,BACK,1.95,55.31,3
1770136545442,1.253449347,15740271,BACK,1.96,7.00,4
1770136545442,1.253449347,15740271,BACK,1.98,8.00,5
1770136545442,1.253449347,15740271,BACK,1.99,8.00,6
1770136545442,1.253449347,15740271,BACK,1.04,172.53,7
1770136545442,1.253449347,15740271,BACK,1.02,172.64,8
1770136545442,1.253449347,15740271,BACK,1.03,172.57,9
1770136545442,1.253449347,15740271,BACK,1.01,337.85,10
1770136545442,1.253449347,15740271,BACK,2.00,4.60,11
1770136545442,1.253449347,15740271,BACK,1.33,16.54,12
1770136545442,1.253449347,15740271,BACK,1.53,19.61,13
1770136545442,1.253449347,15740271,BACK,1.42,42.86,14
1770136545442,1.253449347,15740271,BACK,1.32,22.73,15
1770136545442,1.253449347,15740271,LAY,2.10,96.40,0
1770136545442,1.253449347,15740271,LAY,2.08,69.67,1
1770136545442,1.253449347,15740271,LAY,2.14,12.00,2
1770136545442,1.253449347,15740271,LAY,2.12,12.00,3
1770136545442,1.253449347,15740271,LAY,2.06,80.40,4
1770136545442,1.253449347,15740271,LAY,2.76,2.05,5
1770136545442,1.253449347,15740271,LAY,4.50,5.08,6
1770136545442,1.253449347,15740271,LAY,600.00,0.86,7
1770136545442,1.253449347,15740271,LAY,1000.00,0.06,8
1770136545443,1.253449347,58805,BACK,3.50,52.99,0
1770136545443,1.253449347,58805,BACK,3.55,57.00,1
1770136545443,1.253449347,58805,BACK,3.45,7.00,2
1770136545443,1.253449347,58805,BACK,3.60,42.37,3
1770136545443,1.253449347,58805,BACK,3.65,8.79,4
1770136545443,1.253449347,58805,BACK,3.70,2.38,5
1770136545443,1.253449347,58805,BACK,3.00,8.06,6
1770136545443,1.253449347,58805,BACK,1.05,0.81,7
1770136545443,1.253449347,58805,BACK,3.05,5.20,8
1770136545443,1.253449347,58805,BACK,3.15,9.52,9
1770136545443,1.253449347,58805,BACK,2.06,6.39,10
1770136545443,1.253449347,58805,BACK,2.30,13.85,11
1770136545443,1.253449347,58805,BACK,2.74,10.95,12
1770136545443,1.253449347,58805,BACK,1.10,2.59,13
1770136545443,1.253449347,58805,BACK,1.01,10.00,14
1770136545443,1.253449347,58805,BACK,1.03,2.00,15
1770136545443,1.253449347,58805,LAY,4.30,29.29,0
1770136545443,1.253449347,58805,LAY,4.10,8.00,1
1770136545443,1.253449347,58805,LAY,3.95,5.73,2
1770136545443,1.253449347,58805,LAY,4.00,32.09,3
1770136545443,1.253449347,58805,LAY,3.90,24.64,4
1770136545443,1.253449347,58805,LAY,8.80,2.05,5
1770136545443,1.253449347,58805,LAY,7.20,5.08,6
1770136545443,1.253449347,58805,LAY,7.00,4.13,7
1770136545443,1.253449347,58805,LAY,500.00,0.86,8
1770136545443,1.253449347,58805,LAY,60.00,0.86,9
1770136545443,1.253449347,58805,LAY,29.00,0.86,10
1770136545443,1.253449347,58805,LAY,950.00,2.20,11
1770136545443,1.253449347,58805,LAY,1000.00,0.06,12
1770136545444,1.253309375,58805,BACK,3.15,90.62,0
1770136545444,1.253309375,58805,BACK,3.05,5.20,1
1770136545444,1.253309375,58805,BACK,3.35,70.83,2
1770136545444,1.253309375,58805,BACK,3.30,205.75,3
1770136545444,1.253309375,58805,BACK,3.25,117.89,4
1770136545444,1.253309375,58805,BACK,3.40,41.49,5
1770136545444,1.253309375,58805,BACK,1.70,20.21,6
1770136545444,1.253309375,58805,BACK,1.09,3.58,7
1770136545444,1.253309375,58805,BACK,1.01,15.00,8
1770136545444,1.253309375,58805,BACK,2.92,7.53,9
1770136545444,1.253309375,58805,BACK,2.14,15.79,10
1770136545444,1.253309375,58805,BACK,2.06,6.39,11
1770136545444,1.253309375,58805,BACK,2.54,11.81,12
1770136545444,1.253309375,58805,BACK,2.88,10.42,13
1770136545444,1.253309375,58805,BACK,1.10,2.59,14
1770136545444,1.253309375,58805,BACK,1.03,2.00,15
1770136545444,1.253309375,58805,LAY,3.60,230.33,0
1770136545444,1.253309375,58805,LAY,3.50,25.23,1
1770136545444,1.253309375,58805,LAY,3.65,18.00,2
1770136545444,1.253309375,58805,LAY,3.55,48.60,3
1770136545444,1.253309375,58805,LAY,3.70,67.00,4
1770136545444,1.253309375,58805,LAY,3.80,60.00,5
1770136545444,1.253309375,58805,LAY,1000.00,0.30,6
1770136545444,1.253309375,58805,LAY,5.90,2.05,7
1770136545444,1.253309375,58805,LAY,6.20,5.08,8
1770136545444,1.253309375,58805,LAY,7.00,4.13,9
1770136545444,1.253309375,58805,LAY,500.00,0.86,10
1770136545444,1.253309375,58805,LAY,60.00,0.86,11
1770136545444,1.253309375,58805,LAY,950.00,2.20,12
1770136545444,1.253309375,3157365,BACK,3.05,136.86,0
1770136545444,1.253309375,3157365,BACK,3.00,14.00,1
1770136545444,1.253309375,3157365,BACK,2.98,13.00,2
1770136545444,1.253309375,3157365,BACK,3.15,103.46,3
1770136545444,1.253309375,3157365,BACK,3.10,31.73,4
1770136545444,1.253309375,3157365,BACK,3.20,2.00,5
1770136545444,1.253309375,3157365,BACK,1.04,172.53,6
1770136545444,1.253309375,3157365,BACK,1.02,172.64,7
1770136545444,1.253309375,3157365,BACK,1.03,172.57,8
1770136545444,1.253309375,3157365,BACK,1.01,345.85,9
1770136545444,1.253309375,3157365,BACK,1.09,3.58,10
1770136545444,1.253309375,3157365,BACK,1.89,11.64,11
1770136545444,1.253309375,3157365,BACK,1.66,18.07,12
1770136545444,1.253309375,3157365,BACK,1.81,22.22,13
1770136545444,1.253309375,3157365,BACK,2.00,15.00,14
1770136545444,1.253309375,3157365,BACK,1.06,0.66,15
1770136545444,1.253309375,3157365,LAY,3.35,25.73,0
1770136545444,1.253309375,3157365,LAY,3.40,54.59,1
1770136545444,1.253309375,3157365,LAY,3.50,82.59,2
1770136545444,1.253309375,3157365,LAY,3.30,25.00,3
1770136545444,1.253309375,3157365,LAY,3.45,23.00,4
1770136545444,1.253309375,3157365,LAY,5.00,2.05,5
1770136545444,1.253309375,3157365,LAY,1000.00,0.36,6
1770136545444,1.253309375,3157365,LAY,8.60,5.08,7
1770136545444,1.253309375,3157365,LAY,3.55,0.38,8
1770136545444,1.253309375,3157365,LAY,600.00,0.86,9
1770136545445,1.253309375,502303,BACK,2.42,24.73,0
1770136545445,1.253309375,502303,BACK,2.40,264.39,1
1770136545445,1.253309375,502303,BACK,2.46,23.00,2
1770136545445,1.253309375,502303,BACK,2.44,52.67,3
1770136545445,1.253309375,502303,BACK,2.38,25.00,4
1770136545445,1.253309375,502303,BACK,1.04,172.53,5
1770136545445,1.253309375,502303,BACK,1.02,172.64,6
1770136545445,1.253309375,502303,BACK,1.03,172.57,7
1770136545445,1.253309375,502303,BACK,1.01,345.85,8
1770136545445,1.253309375,502303,BACK,1.09,3.58,9
1770136545445,1.253309375,502303,BACK,1.05,0.72,10
1770136545445,1.253309375,502303,BACK,1.68,13.10,11
1770136545445,1.253309375,502303,BACK,1.87,16.04,12
1770136545445,1.253309375,502303,BACK,1.70,25.71,13
1770136545445,1.253309375,502303,BACK,1.57,19.11,14
1770136545445,1.253309375,502303,LAY,2.66,117.60,0
1770136545445,1.253309375,502303,LAY,2.64,20.00,1
1770136545445,1.253309375,502303,LAY,2.54,21.73,2
1770136545445,1.253309375,502303,LAY,2.62,18.00,3
1770136545445,1.253309375,502303,LAY,2.58,20.00,4
1770136545445,1.253309375,502303,LAY,2.60,59.68,5
1770136545445,1.253309375,502303,LAY,2.56,21.00,6
1770136545445,1.253309375,502303,LAY,2.52,7.48,7
1770136545445,1.253309375,502303,LAY,2.74,3.55,8
1770136545445,1.253309375,502303,LAY,4.00,2.05,9
1770136545445,1.253309375,502303,LAY,1000.00,0.11,10
1770136545445,1.253309375,502303,LAY,7.00,5.08,11
1770136545445,1.253309375,502303,LAY,3.50,4.04,12
1770136545445,1.253309375,502303,LAY,870.00,0.86,13
1770136545446,1.253537225,89227445,BACK,2.98,5.00,0
1770136545446,1.253537225,89227445,BACK,1.11,0.32,1
1770136545446,1.253537225,89227445,BACK,2.94,4.00,2
1770136545446,1.253537225,89227445,BACK,2.96,70.38,3
1770136545446,1.253537225,89227445,BACK,2.86,5.00,4
1770136545446,1.253537225,89227445,BACK,2.90,4.77,5
1770136545446,1.253537225,89227445,BACK,2.88,4.00,6
1770136545446,1.253537225,89227445,BACK,2.92,4.00,7
1770136545446,1.253537225,89227445,BACK,2.82,1.55,8
1770136545446,1.253537225,89227445,BACK,1.04,172.53,9
1770136545446,1.253537225,89227445,BACK,1.02,172.64,10
1770136545446,1.253537225,89227445,BACK,1.03,172.57,11
1770136545446,1.253537225,89227445,BACK,1.01,340.85,12
1770136545446,1.253537225,89227445,BACK,2.16,13.89,13
1770136545446,1.253537225,89227445,BACK,1.45,15.17,14
1770136545446,1.253537225,89227445,BACK,1.76,23.68,15
1770136545446,1.253537225,89227445,LAY,3.20,16.00,0
1770136545446,1.253537225,89227445,LAY,1000.00,0.25,1
1770136545446,1.253537225,89227445,LAY,3.40,56.44,2
1770136545446,1.253537225,89227445,LAY,3.30,8.00,3
1770136545446,1.253537225,89227445,LAY,3.25,8.00,4
1770136545446,1.253537225,89227445,LAY,3.75,2.01,5
1770136545446,1.253537225,89227445,LAY,4.20,2.02,6
1770136545446,1.253537225,89227445,LAY,24.00,0.01,7
1770136545446,1.253537225,89227445,LAY,9.20,5.08,8
1770136545446,1.253537225,89227445,LAY,3.65,1.11,9
1770136545446,1.253537225,89227445,LAY,870.00,0.86,10
1770136545446,1.253537225,6728422,BACK,2.16,18.56,0
1770136545446,1.253537225,6728422,BACK,2.10,11.00,1
1770136545446,1.253537225,6728422,BACK,2.14,11.00,2
1770136545446,1.253537225,6728422,BACK,2.12,11.00,3
1770136545446,1.253537225,6728422,BACK,2.04,99.12,4
1770136545446,1.253537225,6728422,BACK,1.04,172.53,5
1770136545446,1.253537225,6728422,BACK,1.02,172.64,6
1770136545446,1.253537225,6728422,BACK,1.03,172.57,7
1770136545446,1.253537225,6728422,BACK,1.01,340.85,8
1770136545446,1.253537225,6728422,BACK,1.91,15.71,9
1770136545446,1.253537225,6728422,BACK,1.90,11.58,10
1770136545446,1.253537225,6728422,BACK,1.43,41.86,11
1770136545446,1.253537225,6728422,LAY,2.34,10.07,0
1770136545446,1.253537225,6728422,LAY,2.28,96.59,1
1770136545446,1.253537225,6728422,LAY,2.32,8.00,2
1770136545446,1.253537225,6728422,LAY,2.30,9.00,3
1770136545446,1.253537225,6728422,LAY,2.26,8.61,4
1770136545446,1.253537225,6728422,LAY,1000.00,0.26,5
1770136545446,1.253537225,6728422,LAY,3.40,2.02,6
1770136545446,1.253537225,6728422,LAY,3.10,2.01,7
1770136545446,1.253537225,6728422,LAY,24.00,0.01,8
1770136545446,1.253537225,6728422,LAY,5.20,5.08,9
1770136545446,1.253537225,6728422,LAY,600.00,0.86,10
1770136545447,1.253537225,58805,BACK,4.20,19.62,0
1770136545447,1.253537225,58805,BACK,4.10,60.44,1
1770136545447,1.253537225,58805,BACK,4.00,4.00,2
1770136545447,1.253537225,58805,BACK,4.30,3.40,3
1770136545447,1.253537225,58805,BACK,3.95,29.93,4
1770136545447,1.253537225,58805,BACK,1.07,0.49,5
1770136545447,1.253537225,58805,BACK,3.40,8.82,6
1770136545447,1.253537225,58805,BACK,3.45,6.38,7
1770136545447,1.253537225,58805,BACK,2.04,17.31,8
1770136545447,1.253537225,58805,BACK,3.05,5.20,9
1770136545447,1.253537225,58805,BACK,2.06,6.39,10
1770136545447,1.253537225,58805,BACK,1.10,2.59,11
1770136545447,1.253537225,58805,BACK,1.01,10.00,12
1770136545447,1.253537225,58805,BACK,1.03,2.00,13
1770136545447,1.253537225,58805,LAY,4.90,44.05,0
1770136545447,1.253537225,58805,LAY,5.00,4.00,1
1770136545447,1.253537225,58805,LAY,5.10,4.00,2
1770136545447,1.253537225,58805,LAY,4.80,13.10,3
1770136545447,1.253537225,58805,LAY,5.90,2.01,4
1770136545447,1.253537225,58805,LAY,7.20,2.02,5
1770136545447,1.253537225,58805,LAY,24.00,0.01,6
1770136545447,1.253537225,58805,LAY,9.20,5.08,7
1770136545447,1.253537225,58805,LAY,500.00,0.86,8
1770136545447,1.253537225,58805,LAY,950.00,2.20,9
1770136545448,1.253488718,1558464,BACK,3.05,9.00,0
1770136545448,1.253488718,1558464,BACK,2.98,2.00,1
1770136545448,1.253488718,1558464,BACK,3.00,94.72,2
1770136545448,1.253488718,1558464,BACK,3.10,6.00,3
1770136545448,1.253488718,1558464,BACK,2.04,10.78,4
1770136545448,1.253488718,1558464,BACK,1.82,16.48,5
1770136545448,1.253488718,1558464,BACK,2.00,18.00,6
1770136545448,1.253488718,1558464,BACK,2.24,13.39,7
1770136545448,1.253488718,1558464,BACK,1.01,165.00,8
1770136545448,1.253488718,1558464,LAY,3.50,4.00,0
1770136545448,1.253488718,1558464,LAY,3.40,4.00,1
1770136545448,1.253488718,1558464,LAY,3.35,110.50,2
1770136545448,1.253488718,1558464,LAY,3.45,4.00,3
1770136545448,1.253488718,1558464,LAY,3.30,3.00,4
1770136545448,1.253488718,1558464,LAY,6.00,2.05,5
1770136545448,1.253488718,1558464,LAY,10.00,5.08,6
1770136545448,1.253488718,1558464,LAY,4.60,4.04,7
1770136545448,1.253488718,1558464,LAY,870.00,0.86,8
1770136545448,1.253488718,1558464,LAY,1000.00,0.06,9
1770136545448,1.253488718,58805,BACK,3.75,3.00,0
1770136545448,1.253488718,58805,BACK,3.90,70.76,1
1770136545448,1.253488718,58805,BACK,3.80,3.00,2
1770136545448,1.253488718,58805,BACK,3.70,3.00,3
1770136545448,1.253488718,58805,BACK,3.85,3.00,4
1770136545448,1.253488718,58805,BACK,3.55,1.10,5
1770136545448,1.253488718,58805,BACK,3.20,6.88,6
1770136545448,1.253488718,58805,BACK,2.68,11.19,7
1770136545448,1.253488718,58805,BACK,3.05,15.04,8
1770136545448,1.253488718,58805,BACK,2.06,6.39,9
1770136545448,1.253488718,58805,BACK,2.24,14.52,10
1770136545448,1.253488718,58805,BACK,1.10,2.59,11
1770136545448,1.253488718,58805,BACK,1.01,10.00,12
1770136545448,1.253488718,58805,BACK,1.03,2.00,13
1770136545448,1.253488718,58805,LAY,4.40,77.04,0
1770136545448,1.253488718,58805,LAY,4.50,3.00,1
1770136545448,1.253488718,58805,LAY,4.30,4.00,2
1770136545448,1.253488718,58805,LAY,4.20,58.44,3
1770136545448,1.253488718,58805,LAY,8.60,2.05,4
1770136545448,1.253488718,58805,LAY,7.80,5.08,5
1770136545448,1.253488718,58805,LAY,4.80,4.04,6
1770136545448,1.253488718,58805,LAY,7.00,4.13,7
1770136545448,1.253488718,58805,LAY,500.00,0.86,8
1770136545448,1.253488718,58805,LAY,950.00,2.20,9
1770136545449,1.253488718,3396712,BACK,2.14,7.00,0
1770136545449,1.253488718,3396712,BACK,2.16,6.00,1
1770136545449,1.253488718,3396712,BACK,2.20,8.00,2
1770136545449,1.253488718,3396712,BACK,2.18,129.47,3
1770136545449,1.253488718,3396712,BACK,1.45,15.17,4
1770136545449,1.253488718,3396712,BACK,1.41,21.28,5
1770136545449,1.253488718,3396712,BACK,1.68,17.86,6
1770136545449,1.253488718,3396712,BACK,1.55,32.73,7
1770136545449,1.253488718,3396712,BACK,1.01,165.00,8
1770136545449,1.253488718,3396712,LAY,2.36,5.00,0
1770136545449,1.253488718,3396712,LAY,2.34,5.00,1
1770136545449,1.253488718,3396712,LAY,2.38,148.75,2
1770136545449,1.253488718,3396712,LAY,2.32,5.00,3
1770136545449,1.253488718,3396712,LAY,3.35,2.05,4
1770136545449,1.253488718,3396712,LAY,6.00,5.08,5
1770136545449,1.253488718,3396712,LAY,2.96,4.04,6
1770136545449,1.253488718,3396712,LAY,600.00,0.86,7
1770136545449,1.253488718,3396712,LAY,1000.00,0.06,8
1770136545449,1.253465230,18568,BACK,3.45,7.85,0
1770136545449,1.253465230,18568,BACK,3.40,4.00,1
1770136545449,1.253465230,18568,BACK,3.30,5.00,2
1770136545449,1.253465230,18568,BACK,3.35,55.67,3
1770136545449,1.253465230,18568,BACK,2.08,10.58,4
1770136545449,1.253465230,18568,BACK,1.82,16.48,5
1770136545449,1.253465230,18568,BACK,2.24,13.39,6
1770136545449,1.253465230,18568,BACK,2.00,18.00,7
1770136545449,1.253465230,18568,BACK,1.01,170.00,8
1770136545449,1.253465230,18568,LAY,3.75,40.68,0
1770136545449,1.253465230,18568,LAY,3.90,3.00,1
1770136545449,1.253465230,18568,LAY,3.80,3.00,2
1770136545449,1.253465230,18568,LAY,3.85,3.00,3
1770136545449,1.253465230,18568,LAY,1000.00,0.06,4
1770136545449,1.253465230,18568,LAY,3.70,1.10,5
1770136545449,1.253465230,18568,LAY,5.40,2.05,6
1770136545449,1.253465230,18568,LAY,9.40,5.08,7
1770136545449,1.253465230,18568,LAY,4.60,4.04,8
1770136545449,1.253465230,18568,LAY,870.00,0.86,9
1770136545450,1.253465230,58805,BACK,3.05,11.20,0
1770136545450,1.253465230,58805,BACK,2.98,2.00,1
1770136545450,1.253465230,58805,BACK,3.00,2.00,2
1770136545450,1.253465230,58805,BACK,3.10,56.34,3
1770136545450,1.253465230,58805,BACK,2.86,16.00,4
1770136545450,1.253465230,58805,BACK,2.14,15.79,5
1770136545450,1.253465230,58805,BACK,2.54,11.81,6
1770136545450,1.253465230,58805,BACK,2.06,6.39,7
1770136545450,1.253465230,58805,BACK,1.10,2.59,8
1770136545450,1.253465230,58805,BACK,1.01,10.00,9
1770136545450,1.253465230,58805,BACK,1.03,2.00,10
1770136545450,1.253465230,58805,LAY,3.35,4.86,0
1770136545450,1.253465230,58805,LAY,3.40,10.97,1
1770136545450,1.253465230,58805,LAY,3.50,55.49,2
1770136545450,1.253465230,58805,LAY,3.45,64.00,3
1770136545450,1.253465230,58805,LAY,4.40,2.00,4
1770136545450,1.253465230,58805,LAY,3.90,2.00,5
1770136545450,1.253465230,58805,LAY,5.90,2.05,6
1770136545450,1.253465230,58805,LAY,4.50,4.04,7
1770136545450,1.253465230,58805,LAY,7.00,4.13,8
1770136545450,1.253465230,58805,LAY,1000.00,0.06,9
1770136545450,1.253465230,58805,LAY,500.00,0.86,10
1770136545450,1.253465230,58805,LAY,950.00,2.20,11
1770136545450,1.253465230,2145880,BACK,2.32,5.00,0
1770136545450,1.253465230,2145880,BACK,2.34,5.00,1
1770136545450,1.253465230,2145880,BACK,2.30,75.18,2
1770136545450,1.253465230,2145880,BACK,2.36,5.00,3
1770136545450,1.253465230,2145880,BACK,2.40,2.00,4
1770136545450,1.253465230,2145880,BACK,1.62,13.58,5
1770136545450,1.253465230,2145880,BACK,1.71,17.54,6
1770136545450,1.253465230,2145880,BACK,1.42,21.13,7
1770136545450,1.253465230,2145880,BACK,1.57,31.58,8
1770136545450,1.253465230,2145880,BACK,1.01,170.00,9
1770136545450,1.253465230,2145880,LAY,2.58,4.00,0
1770136545450,1.253465230,2145880,LAY,2.52,59.76,1
1770136545450,1.253465230,2145880,LAY,2.50,6.00,2
1770136545450,1.253465230,2145880,LAY,2.54,4.00,3
1770136545450,1.253465230,2145880,LAY,2.56,4.00,4
1770136545450,1.253465230,2145880,LAY,2.76,0.70,5
1770136545450,1.253465230,2145880,LAY,3.05,4.74,6
1770136545450,1.253465230,2145880,LAY,3.45,2.05,7
1770136545450,1.253465230,2145880,LAY,6.00,5.08,8
1770136545450,1.253465230,2145880,LAY,600.00,0.86,9
1770136545450,1.253465230,2145880,LAY,1000.00,0.06,10
1770136545450,1.253561318,579439,BACK,1.85,0.50,0
1770136545450,1.253561318,579439,BACK,1.83,5.10,1
1770136545450,1.253561318,579439,BACK,1.84,2.00,2
1770136545450,1.253561318,579439,BACK,1.81,2.00,3
1770136545450,1.253561318,579439,BACK,1.80,2.00,4
1770136545450,1.253561318,579439,BACK,1.82,2.00,5
1770136545450,1.253561318,579439,BACK,1.60,104.49,6
1770136545450,1.253561318,579439,BACK,1.77,25.85,7
1770136545450,1.253561318,579439,BACK,1.03,172.57,8
1770136545450,1.253561318,579439,BACK,1.04,172.53,9
1770136545450,1.253561318,579439,BACK,1.02,172.64,10
1770136545450,1.253561318,579439,BACK,1.01,337.85,11
1770136545450,1.253561318,579439,LAY,1.99,10.53,0
1770136545450,1.253561318,579439,LAY,2.00,47.09,1
1770136545450,1.253561318,579439,LAY,2.14,19.75,2
1770136545450,1.253561318,579439,LAY,2.50,65.16,3
1770136545450,1.253561318,579439,LAY,2.02,3.00,4
1770136545450,1.253561318,579439,LAY,2.04,3.00,5
1770136545450,1.253561318,579439,LAY,2.06,3.00,6
1770136545450,1.253561318,579439,LAY,18.00,20.00,7
1770136545450,1.253561318,579439,LAY,140.00,1.72,8
1770136545450,1.253561318,579439,LAY,65.00,1.72,9
1770136545450,1.253561318,579439,LAY,80.00,4.00,10
1770136545450,1.253561318,579439,LAY,24.00,0.01,11
1770136545451,1.253561318,8755399,BACK,3.30,4.68,0
1770136545451,1.253561318,8755399,BACK,3.35,2.22,1
1770136545451,1.253561318,8755399,BACK,2.94,2.00,2
1770136545451,1.253561318,8755399,BACK,2.56,54.46,3
1770136545451,1.253561318,8755399,BACK,3.25,8.65,4
1770136545451,1.253561318,8755399,BACK,1.01,337.85,5
1770136545451,1.253561318,8755399,BACK,1.04,172.53,6
1770136545451,1.253561318,8755399,BACK,1.02,172.64,7
1770136545451,1.253561318,8755399,BACK,1.03,172.57,8
1770136545451,1.253561318,8755399,LAY,4.30,0.50,0
1770136545451,1.253561318,8755399,LAY,5.90,52.25,1
1770136545451,1.253561318,8755399,LAY,4.40,19.79,2
1770136545451,1.253561318,8755399,LAY,80.00,4.00,3
1770136545451,1.253561318,8755399,LAY,140.00,1.72,4
1770136545451,1.253561318,8755399,LAY,65.00,1.72,5
1770136545451,1.253561318,8755399,LAY,24.00,0.01,6
1770136545452,1.253561318,58805,BACK,2.84,51.06,0
1770136545452,1.253561318,58805,BACK,4.10,6.34,1
1770136545452,1.253561318,58805,BACK,3.95,18.00,2
1770136545452,1.253561318,58805,BACK,3.90,5.18,3
1770136545452,1.253561318,58805,BACK,3.35,2.60,4
1770136545452,1.253561318,58805,BACK,3.05,73.17,5
1770136545452,1.253561318,58805,BACK,3.30,2.60,6
1770136545452,1.253561318,58805,BACK,2.10,105.02,7
1770136545452,1.253561318,58805,BACK,3.10,0.02,8
1770136545452,1.253561318,58805,BACK,1.60,135.06,9
1770136545452,1.253561318,58805,BACK,1.01,14.66,10
1770136545452,1.253561318,58805,BACK,3.40,5.18,11
1770136545452,1.253561318,58805,BACK,3.45,5.18,12
1770136545452,1.253561318,58805,BACK,3.75,5.18,13
1770136545452,1.253561318,58805,BACK,3.85,5.18,14
1770136545452,1.253561318,58805,BACK,1.91,5.00,15
1770136545452,1.253561318,58805,BACK,3.50,5.18,16
1770136545452,1.253561318,58805,BACK,3.55,5.18,17
1770136545452,1.253561318,58805,BACK,3.60,5.18,18
1770136545452,1.253561318,58805,BACK,3.65,5.18,19
1770136545452,1.253561318,58805,BACK,3.70,5.18,20
1770136545452,1.253561318,58805,BACK,3.80,5.18,21
1770136545452,1.253561318,58805,LAY,5.10,19.75,0
1770136545452,1.253561318,58805,LAY,9.00,48.59,1
1770136545452,1.253561318,58805,LAY,4.80,2.59,2
1770136545452,1.253561318,58805,LAY,28.00,5.17,3
1770136545452,1.253561318,58805,LAY,85.00,1.72,4
1770136545452,1.253561318,58805,LAY,29.00,5.17,5
1770136545452,1.253561318,58805,LAY,48.00,3.45,6
1770136545452,1.253561318,58805,LAY,65.00,2.59,7
1770136545452,1.253561318,58805,LAY,80.00,6.00,8
1770136545452,1.253561318,58805,LAY,32.00,15.00,9
1770136545452,1.253561318,58805,LAY,500.00,0.41,10
1770136545452,1.253561318,58805,LAY,250.00,0.41,11
1770136545452,1.253561318,58805,LAY,750.00,0.08,12
1770136545452,1.253561318,58805,LAY,100.00,1.22,13
1770136545452,1.253561318,58805,LAY,95.00,0.51,14
1770136545452,1.253561318,58805,LAY,150.00,0.33,15
1770136545452,1.253561318,58805,LAY,24.00,0.01,16
1770136545452,1.253530789,9389942,BACK,1.37,25.94,0
1770136545452,1.253530789,9389942,BACK,1.46,0.24,1
1770136545452,1.253530789,9389942,BACK,1.32,24.49,2
1770136545452,1.253530789,9389942,BACK,1.02,96.56,3
1770136545452,1.253530789,9389942,BACK,1.01,358.58,4
1770136545452,1.253530789,9389942,LAY,1.48,0.06,0
1770136545452,1.253530789,9389942,LAY,1.53,2.00,1
1770136545452,1.253530789,9389942,LAY,1.49,4.00,2
1770136545452,1.253530789,9389942,LAY,1.50,14.37,3
1770136545452,1.253530789,9389942,LAY,1.54,10.00,4
1770136545452,1.253530789,9389942,LAY,190.00,1.72,5
1770136545452,1.253530789,9389942,LAY,140.00,1.72,6
1770136545452,1.253530789,9389942,LAY,65.00,1.72,7
1770136545452,1.253530789,9389942,LAY,18.00,20.00,8
1770136545452,1.253530789,9389942,LAY,680.00,0.24,9
1770136545452,1.253530789,9389942,LAY,380.00,0.33,10
1770136545452,1.253530789,9389942,LAY,690.00,0.22,11
1770136545452,1.253530789,9389942,LAY,390.00,0.44,12
1770136545452,1.253530789,9389942,LAY,24.00,0.01,13
1770136545453,1.253530789,10288010,BACK,12.50,4.95,0
1770136545453,1.253530789,10288010,BACK,12.00,2.00,1
1770136545453,1.253530789,10288010,BACK,11.00,8.00,2
1770136545453,1.253530789,10288010,BACK,11.50,2.00,3
1770136545453,1.253530789,10288010,BACK,10.50,17.24,4
1770136545453,1.253530789,10288010,BACK,10.00,2.00,5
1770136545453,1.253530789,10288010,BACK,1.01,165.00,6
1770136545453,1.253530789,10288010,LAY,46.00,0.93,0
1770136545453,1.253530789,10288010,LAY,23.00,0.50,1
1770136545453,1.253530789,10288010,LAY,180.00,1.72,2
1770136545453,1.253530789,10288010,LAY,710.00,0.87,3
1770136545453,1.253530789,10288010,LAY,720.00,0.86,4
1770136545453,1.253530789,10288010,LAY,380.00,0.33,5
1770136545453,1.253530789,10288010,LAY,680.00,0.24,6
1770136545453,1.253530789,10288010,LAY,390.00,0.44,7
1770136545453,1.253530789,10288010,LAY,690.00,0.22,8
1770136545453,1.253530789,10288010,LAY,24.00,0.01,9
1770136545454,1.253530789,58805,BACK,4.00,13.42,0
1770136545454,1.253530789,58805,BACK,3.90,11.00,1
1770136545454,1.253530789,58805,BACK,1.02,0.14,2
1770136545454,1.253530789,58805,BACK,3.95,6.95,3
1770136545454,1.253530789,58805,BACK,3.75,1.00,4
1770136545454,1.253530789,58805,BACK,3.80,1.00,5
1770136545454,1.253530789,58805,BACK,3.70,5.00,6
1770136545454,1.253530789,58805,BACK,3.85,12.00,7
1770136545454,1.253530789,58805,BACK,1.01,15.19,8
1770136545454,1.253530789,58805,BACK,1.60,135.00,9
1770136545454,1.253530789,58805,LAY,4.40,9.34,0
1770136545454,1.253530789,58805,LAY,4.70,3.45,1
1770136545454,1.253530789,58805,LAY,4.90,3.45,2
1770136545454,1.253530789,58805,LAY,5.00,3.45,3
1770136545454,1.253530789,58805,LAY,4.60,3.45,4
1770136545454,1.253530789,58805,LAY,4.50,3.45,5
1770136545454,1.253530789,58805,LAY,4.80,3.45,6
1770136545454,1.253530789,58805,LAY,4.20,2.59,7
1770136545454,1.253530789,58805,LAY,240.00,1.72,8
1770136545454,1.253530789,58805,LAY,110.00,2.59,9
1770136545454,1.253530789,58805,LAY,90.00,2.59,10
1770136545454,1.253530789,58805,LAY,360.00,0.89,11
1770136545454,1.253530789,58805,LAY,340.00,1.12,12
1770136545454,1.253530789,58805,LAY,80.00,6.00,13
1770136545454,1.253530789,58805,LAY,500.00,0.41,14
1770136545454,1.253530789,58805,LAY,680.00,0.24,15
1770136545454,1.253530789,58805,LAY,380.00,0.33,16
1770136545454,1.253530789,58805,LAY,390.00,0.44,17
1770136545454,1.253530789,58805,LAY,690.00,0.22,18
1770136545454,1.253530789,58805,LAY,250.00,0.41,19
1770136545454,1.253530789,58805,LAY,750.00,0.08,20
1770136545454,1.253530789,58805,LAY,100.00,1.22,21
1770136545454,1.253530789,58805,LAY,150.00,0.33,22
1770136545454,1.253530789,58805,LAY,24.00,0.01,23
1770136545455,1.253453652,1532826,BACK,1.91,8.00,0
1770136545455,1.253453652,1532826,BACK,1.89,48.05,1
1770136545455,1.253453652,1532826,BACK,1.87,8.00,2
1770136545455,1.253453652,1532826,BACK,1.90,8.00,3
1770136545455,1.253453652,1532826,BACK,1.92,8.00,4
1770136545455,1.253453652,1532826,BACK,1.88,6.00,5
1770136545455,1.253453652,1532826,BACK,1.04,172.53,6
1770136545455,1.253453652,1532826,BACK,1.02,306.12,7
1770136545455,1.253453652,1532826,BACK,1.03,172.57,8
1770136545455,1.253453652,1532826,BACK,1.01,337.85,9
1770136545455,1.253453652,1532826,BACK,1.09,3.58,10
1770136545455,1.253453652,1532826,BACK,1.29,17.05,11
1770136545455,1.253453652,1532826,BACK,1.38,21.74,12
1770136545455,1.253453652,1532826,BACK,1.24,24.19,13
1770136545455,1.253453652,1532826,BACK,1.33,54.55,14
1770136545455,1.253453652,1532826,LAY,1.99,161.50,0
1770136545455,1.253453652,1532826,LAY,1.98,6.83,1
1770136545455,1.253453652,1532826,LAY,2.06,58.25,2
1770136545455,1.253453652,1532826,LAY,2.00,14.00,3
1770136545455,1.253453652,1532826,LAY,2.04,13.00,4
1770136545455,1.253453652,1532826,LAY,2.02,12.02,5
1770136545455,1.253453652,1532826,LAY,970.00,0.99,6
1770136545455,1.253453652,1532826,LAY,2.70,2.05,7
1770136545455,1.253453652,1532826,LAY,4.30,5.08,8
1770136545455,1.253453652,1532826,LAY,870.00,0.86,9
1770136545455,1.253453652,58805,BACK,3.10,23.66,0
1770136545455,1.253453652,58805,BACK,3.05,32.09,1
1770136545455,1.253453652,58805,BACK,3.00,3.00,2
1770136545455,1.253453652,58805,BACK,2.94,3.00,3
1770136545455,1.253453652,58805,BACK,2.96,3.00,4
1770136545455,1.253453652,58805,BACK,2.98,3.00,5
1770136545455,1.253453652,58805,BACK,1.01,157.49,6
1770136545455,1.253453652,58805,BACK,1.09,3.58,7
1770136545455,1.253453652,58805,BACK,2.92,1.10,8
1770136545455,1.253453652,58805,BACK,2.80,7.86,9
1770136545455,1.253453652,58805,BACK,2.04,17.31,10
1770136545455,1.253453652,58805,BACK,2.52,7.01,11
1770136545455,1.253453652,58805,BACK,2.06,6.39,12
1770136545455,1.253453652,58805,BACK,2.72,11.03,13
1770136545455,1.253453652,58805,BACK,2.40,12.50,14
1770136545455,1.253453652,58805,BACK,1.10,2.59,15
1770136545455,1.253453652,58805,BACK,1.03,2.00,16
1770136545455,1.253453652,58805,LAY,3.30,18.01,0
1770136545455,1.253453652,58805,LAY,3.35,6.00,1
1770136545455,1.253453652,58805,LAY,3.40,28.69,2
1770136545455,1.253453652,58805,LAY,3.45,5.00,3
1770136545455,1.253453652,58805,LAY,95.00,0.51,4
1770136545455,1.253453652,58805,LAY,150.00,0.33,5
1770136545455,1.253453652,58805,LAY,500.00,1.19,6
1770136545455,1.253453652,58805,LAY,250.00,0.33,7
1770136545455,1.253453652,58805,LAY,100.00,1.22,8
1770136545455,1.253453652,58805,LAY,3.50,7.00,9
1770136545455,1.253453652,58805,LAY,980.00,1.58,10
1770136545455,1.253453652,58805,LAY,5.60,2.05,11
1770136545455,1.253453652,58805,LAY,7.00,4.13,12
1770136545455,1.253453652,58805,LAY,60.00,0.86,13
1770136545455,1.253453652,58805,LAY,950.00,2.20,14
1770136545456,1.253453652,8750556,BACK,5.20,18.62,0
1770136545456,1.253453652,8750556,BACK,5.40,4.00,1
1770136545456,1.253453652,8750556,BACK,5.30,7.00,2
1770136545456,1.253453652,8750556,BACK,5.00,5.00,3
1770136545456,1.253453652,8750556,BACK,5.10,5.00,4
1770136545456,1.253453652,8750556,BACK,1.04,172.53,5
1770136545456,1.253453652,8750556,BACK,1.02,172.64,6
1770136545456,1.253453652,8750556,BACK,1.03,172.57,7
1770136545456,1.253453652,8750556,BACK,1.01,539.68,8
1770136545456,1.253453652,8750556,BACK,1.09,3.58,9
1770136545456,1.253453652,8750556,BACK,3.00,16.33,10
1770136545456,1.253453652,8750556,BACK,3.50,8.57,11
1770136545456,1.253453652,8750556,BACK,2.64,11.36,12
